2960 5142
274 325 322 398 ta

269 509 369 564 monet
389 506 549 568 Birnbaum
559 507 591 586 ¹)
612 506 840 585 explicationem
863 509 942 584 juris
967 507 1103 586 gentium·
1121 507 1370 586 philosophiam,

269 605 302 664 ln
329 622 389 680 quo
413 608 451 666 ed
478 610 638 688 originem,
666 627 686 667 a
710 612 857 687 practica,
885 611 918 676 ln
944 628 1004 686 quo
1023 613 1169 676 adesum
1188 613 1371 686 respiciatur

269 710 481 776 secernendum
501 727 587 787 esse,
614 713 665 784 qui
686 713 764 773 enim
786 712 932 788 originem
953 715 1092 788 efferant,
1119 715 1159 772 iis
1180 716 1295 793 nullum
1316 713 1369 771 in-

269 808 422 872 tercedere
435 811 594 872 discrimen
614 813 693 871 inter
709 814 761 887 jus
781 813 916 888 gentium
937 818 968 871 et
984 813 1036 886 jus
1058 816 1202 890 naturale,
1224 819 1368 887 specten-

269 910 350 974 tibus
378 917 477 971 autem
498 929 585 978 usum
612 931 671 974 non
692 913 771 972 idem
793 930 861 972 esse
878 915 930 988 jus
951 915 1086 992 gentium
1108 919 1139 972 et
1155 915 1208 992 jus
1231 917 1364 983 naturale

269 1027 328 1074 neo
347 1015 513 1087 pronlsono
541 1016 579 1073 ab
606 1015 646 1074 iis
673 1016 799 1073 alterum
825 1030 879 1089 pro
906 1016 999 1072 altero
1027 1016 1096 1073 dici.
1138 1018 1210 1089 Ipse
1239 1019 1364 1076 fortasse

270 1112 463 1190 luvestigatio
484 1115 537 1174 illa
556 1115 595 1174 de
611 1117 731 1189 justitia
751 1117 818 1174 sive
838 1115 986 1189 injustitia
1006 1117 1160 1175 servitutis
1182 1133 1282 1192 quom,
1308 1115 1367 1174 etsi

266 1214 346 1288 iuris
366 1217 500 1292 gentium
521 1223 612 1293 esset,
633 1217 741 1276 rationi
761 1231 930 1294 repugnare
950 1216 1102 1292 videbant,
1122 1219 1289 1290 procreavit
1299 1219 1366 1274 dis-

271 1315 382 1374 crimen
408 1317 488 1378 inter
511 1318 564 1393 jus
590 1319 725 1396 gentium
752 1325 784 1378 et
805 1319 859 1403 jus
885 1319 1037 1396 naturale,
1071 1319 1149 1392 quod
1181 1323 1269 1378 antea
1293 1319 1366 1378 nul-

269 1417 331 1481 lum
352 1421 443 1482 esset,

355 1519 407 1580 Ab
428 1524 552 1593 utraque
572 1523 630 1580 hac
646 1519 725 1596 juris
745 1521 879 1598 gentium
900 1519 1135 1600 significatione,
1162 1521 1369 1596 philosophice

271 1623 303 1678 et
322 1622 464 1698 practica,
484 1623 644 1683 Birobaum
665 1624 878 1682 secernendum
898 1640 967 1682 esse
989 1625 1062 1683 dicit
1082 1625 1199 1694 tertiam
1219 1625 1298 1696 aqud
1309 1624 1370 1682 Li-

271 1721 353 1780 rium
374 1723 508 1799 obviam,
535 1725 699 1786 secundum
726 1741 814 1797 quam
835 1725 877 1791 sit
897 1724 950 1802 jus
971 1728 1051 1784 inter
1070 1726 1196 1800 populos
1217 1725 1370 1782 constitu-

268 1827 350 1900 tum,
377 1823 409 1884 id
436 1826 514 1899 quod
539 1825 627 1890 hodie
649 1825 702 1898 jus
727 1825 862 1902 gentium
889 1827 1036 1904 appellari
1063 1827 1167 1894 soleat,
1214 1827 1371 1898 Exemplis

269 1923 365 1988 nomn
385 1925 500 1988 duobus
521 1926 602 1992 Livii
623 1926 752 2002 inciso),
773 1927 925 2000 quaejam
946 1943 1012 1992 eam
1034 1928 1071 1992 ob
1092 1943 1214 1994 causam
1235 1942 1294 1984 non
1315 1944 1370 1983 sa-

269 2025 314 2084 lis
339 2025 447 2092 idonea
473 2028 643 2087 testimonie
669 2027 809 2088 videntur
835 2041 920 2102 esse,
955 2029 1026 2102 quie
1059 2026 1204 2092 historice
1229 2028 1283 2093 vix
1307 2028 1371 2086 dici

270 2134 406 2202 possunt.
454 2129 549 2194 Priori
576 2129 757 2203 onimium,
784 2128 818 2192 io
838 2141 896 2201 quo
917 2127 1019 2202 agitur
1039 2126 1077 2192 de
1097 2127 1280 2202 temporibus
1302 2134 1370 2186 ante

270 2230 396 2294 Romam
416 2225 573 2306 conditam,
594 2232 670 2296 heco
691 2245 710 2286 e
730 2229 818 2296 Livio
839 2233 1011 2286 narrentur:
1038 2229 1185 2288 Romulus
1207 2235 1238 2287 et
1258 2233 1370 2288 Remus

270 2328 352 2404 apud
364 2333 539 2398 Faustulum
559 2336 707 2405 pastorem
727 2331 883 2404 degentes,
902 2330 1025 2389 ineunte
1046 2330 1248 2390 adolescentie
1268 2330 1299 2388 in
1317 2333 1369 2410 la-

272 2436 375 2492 bones
401 2433 513 2507 praeda
537 2436 660 2493 onustos
687 2431 815 2503 impetus
835 2430 1004 2506 faciebant,
1031 2432 1276 2506 pastoribusque,
1297 2433 1368 2504 qoi-

273 2533 399 2592 buscum
419 2533 571 2610 vivebant,
591 2538 677 2608 nepte
697 2532 879 2590 dividebant.
919 2532 1066 2591 Latrones
1088 2533 1125 2591 ob
1147 2533 1219 2594 iram
1240 2533 1368 2589 emissae

273 2634 402 2710 praedae
422 2635 542 2695 insidiis
562 2638 687 2704 Remum
708 2635 851 2716 ceperunt
871 2636 1048 2706 captumque
1074 2634 1141 2710 regi
1162 2633 1279 2698 Amulio
1301 2636 1366 2688 tra-

223 2779 225 2782 -
274 2737 428 2812 ciderunt,
459 2737 576 2796 crimini
595 2736 722 2796 maxime
743 2735 849 2802 dentes
869 2749 938 2798 oum
958 2736 1028 2793 eliis
1046 2736 1208 2809 juvenibus
1228 2732 1366 2806 impeturn

276 2855 344 2898 eum
373 2837 486 2906 iecisse
514 2839 545 2897 in
566 2836 731 2898 Numitoris
752 2851 842 2912 agros
864 2839 895 2896 et
916 2837 1042 2911 praedas
1064 2836 1134 2895 inde
1155 2836 1266 2912 egisse.
1308 2833 1370 2908 Sic,

275 2940 351 3000 dicit
370 2939 492 3016 Livius,
519 2939 668 3000 Numitori
696 2937 735 2994 ed
763 2937 942 3012 supplicium
962 2941 1074 3006 Remus
1101 2937 1227 3000 deditur.
1267 2937 1303 2992 Iu
1323 2935 1372 2992 his

275 3042 371 3118 igitur
388 3041 551 3108 ·Birnbaum
578 3038 643 3098 veri
668 3038 747 3112 juris
773 3041 909 3116 gentium
935 3040 1114 3113 principium
1142 3035 1372 3110 deprehendisse
1475 3029 1476 3036 ’

276 3143 336 3202 sibl
364 3143 491 3208 videtur.
532 3139 677 3215 liquidem
704 3157 743 3198 ex
768 3140 850 3200 bivii
877 3140 1046 3206 narratione
1073 3139 1149 3200 nibil
1176 3137 1285 3214 colligo
1315 3136 1376 3194 nisi

276 3244 331 3305 vix
355 3243 549 3310 brodmuenta
574 3241 706 3308 civitatis
731 3244 794 3306 tum
815 3239 899 3312 jacta
925 3255 995 3298 esse
1022 3240 1056 3298 io
1081 3255 1119 3298 ea
1145 3246 1231 3314 parte
1256 3239 1373 3312 Italiae,

277 3345 311 3405 iu
337 3361 397 3420 que
422 3349 528 3420 postea
551 3344 647 3404 nomo
673 3343 793 3408 condita
820 3346 875 3402 est.
928 3342 1069 3416 Regnum
1102 3341 1219 3415 quidem
1254 3338 1376 3394 tenebat

278 3446 438 3521 Amulius,
460 3450 578 3520 praeter
600 3445 653 3518 jus
680 3445 767 3511 fratri
795 3445 943 3524 ereptum,
978 3442 1033 3509 sed
1059 3437 1191 3516 quotidie
1216 3438 1375 3497 latrocinia

279 3545 495 3606 exercebantur
521 3551 552 3610 et
578 3547 705 3621 impetus
726 3545 837 3606 debant
856 3544 887 3602 io
909 3559 1000 3620 agros
1021 3542 1183 3602 vicinorum
1204 3540 1323 3614 pecoris
1345 3543 1377 3597 et

279 3651 402 3725 frugum
423 3663 516 3713 cause
536 3663 620 3722 quos,
640 3651 675 3706 ut
694 3661 748 3720 per
769 3649 848 3721 erat,
869 3645 945 3702 laesi
965 3642 1175 3720 propulsabant
1195 3646 1227 3700 et
1245 3642 1375 3716 injuriae

280 3755 417 3808 auctores
438 3751 470 3807 in
490 3753 666 3822 potestatem
686 3763 770 3806 suam
790 3746 928 3822 redigere
949 3746 1108 3804 studebant
1126 3759 1282 3818 poenaque
1302 3745 1375 3800 aill-

280 3847 408 3917 oiebeut,
449 3853 495 3912 loo
520 3851 614 3927 igitur
641 3853 779 3922 temporem
791 3849 904 3909 Remus
930 3852 1036 3922 captus
1063 3845 1182 3918 ducitur
1209 3845 1248 3902 ed
1274 3859 1376 3920 regern

281 3952 434 4018 Amulium
455 3951 629 4024 criminique
654 3951 683 4010 ei
711 3949 797 4015 detur
824 3949 902 4022 quod
929 3963 1019 4028 supra
1040 3947 1178 4015 (linimus.
1221 3946 1285 4013 Quo
1316 3960 1376 4001 au-

283 4053 344 4114 dito
371 4069 426 4118 rer
451 4067 578 4127 aequum
604 4067 673 4117 esse
699 4049 782 4118 ratus
802 4051 902 4128 puniri
922 4048 973 4126 qui
994 4046 1132 4120 injuriam
1152 4046 1260 4112 lecerit
1280 4044 1319 4102 ab
1340 4060 1376 4102 eo
1473 4077 1474 4080 =

354 4238 383 4305 1)
400 4241 448 4294 lo:
471 4238 611 4291 (insumere
629 4237 737 4303 Antiqq.
755 4239 774 4291 l.
792 4238 812 4290 l.
830 4237 858 4288 et
873 4235 915 4284 lo:
933 4232 1027 4285 Neues
1044 4228 1146 4280 aronlv
1163 4227 1210 4280 idr
1226 4227 1375 4280 commel-

284 4327 364 4380 reoho
380 4326 398 4377 Ι.
416 4326 434 4376 l.
452 4339 479 4390 p.
499 4323 552 4373 104
569 4334 627 4386 sqq.

352 4407 382 4471 Β)
400 4409 422 4474 l,
437 4413 457 4460 o
474 4415 504 4458 ot
521 4406 562 4458 14.

1472 211 1477 474 l
