2958 5162
1141 311 1197 384 ἴθ

91 511 159 565 noir
185 503 243 561 est
292 497 454 573 Nunquam
482 493 562 556 enirn
590 493 710 556 oiviiius
736 493 756 554 ε’
782 494 892 572 populo
918 490 1005 557 Bone
1029 493 1199 556 mederum

91 621 169 666 esse
195 601 325 681 legimus
351 603 387 661 ut
412 597 594 676 sponderent
619 611 674 673 pro
700 598 820 672 populo.
867 597 903 660 si
922 598 956 658 in
975 599 1055 659 bello
1076 599 1201 660 nonius

93 706 203 784 popuii
228 706 373 764 intererst
397 703 433 762 ut
459 700 570 761 bellum
590 700 743 776 finiretur,
762 699 935 774 prinsquam
956 701 995 760 de
1015 700 1101 775 peeis
1121 715 1200 759 eou-

94 807 266 868 dioiouibus
288 811 357 864 oum
377 802 473 862 altero
492 801 602 878 populo
623 801 824 879 convenisset,
845 801 985 862 induciae
997 804 1099 862 ieotse
1118 806 1201 878 sunt,
1262 875 1274 894 κ

97 911 194 970 donee
219 907 354 967 redirent
372 904 468 983 legati
488 904 527 964 de
546 917 623 979 pooe
644 903 833 962 eonoiliends
851 902 938 964 missi
957 908 990 962 et
1008 905 1060 964 vel
1079 903 1202 964 obsides

95 1011 162 1070 doti
188 1012 261 1068 sunt
286 1010 325 1068 oi
354 1021 392 1066 eo
418 1007 545 1083 populo,
573 1005 625 1080 qui
651 1003 778 1064 interior
806 1009 889 1064 esset
913 1005 1004 1067 bollo.
1049 1007 1102 1086 si,
1122 1007 1203 1083 quod

93 1111 295 1189 promiserunt
319 1110 354 1170 in
380 1109 543 1184 sponsione
570 1105 665 1166 duoes
692 1109 724 1166 et
750 1107 803 1181 qui
829 1111 948 1183 prester
973 1123 1028 1168 eos
1053 1125 1122 1168 oum
1142 1123 1202 1185 po-

93 1214 168 1291 pulo
201 1213 306 1273 hostili
338 1211 577 1289 spoponderunt,
612 1206 721 1267 ioedus
754 1209 848 1270 totum
873 1209 929 1288 iri,
961 1226 1023 1271 non
1063 1211 1203 1286 proteret

95 1315 227 1394 populus
247 1316 333 1376 Rom.
353 1327 516 1388 sponsores
535 1309 604 1388 soli,
625 1309 678 1383 qui
697 1311 818 1372 nomme
838 1323 896 1372 sus
912 1312 1205 1394 subscripserentl),

81 1418 279 1482 tenebantur
298 1415 454 1492 sponione.
494 1413 582 1488 lique
610 1411 676 1472 iroe
701 1412 824 1473 divinoe
850 1415 987 1476 obstrieti
1012 1405 1114 1492 erent,
1135 1430 1206 1474 euru

99 1518 182 1595 quod
209 1516 405 1594 ⁸jurejurando
437 1516 652 1592 promiserunt,
687 1517 843 1586 praestare
869 1531 933 1574 nou
955 1522 1080 1591 possent
1108 1521 1141 1577 et
1165 1531 1207 1578 us

98 1622 179 1681 irsee
197 1622 321 1680 deorum
340 1617 389 1679 ire
407 1617 441 1677 in
460 1617 637 1678 universum
662 1611 805 1706 trensiret
825 1617 984 1694 populum,
1009 1607 1206 1691 ouius-eivers

99 1728 186 1783 erent
205 1737 378 1798 sponsores,
397 1719 494 1779 dediti
515 1722 587 1778 suut
603 1729 658 1791 per
669 1714 803 1774 reddes
816 1719 925 1793 populo
937 1718 1051 1794 hostili,
1070 1719 1115 1778 its
1125 1721 1206 1782 enirn

98 1824 168 1886 iure
193 1824 305 1882 Fetisli
325 1825 447 1879 erutum
468 1822 550 1892 eret,
571 1819 663 1889 etque
682 1814 728 1874 ite
747 1817 865 1876 exsolvi
885 1817 960 1877 dieii
978 1819 1129 1898 Liviusii)
1149 1837 1205 1882 re-
1257 1811 1260 1822 '

99 1925 218 2000 ligioue
242 1921 394 1996 populum.
441 1919 556 1979 iisdem
583 1917 669 1979 Livii
693 1917 761 1978 loeo
787 1920 893 1978 oonsul
912 1922 1106 1983 Posidonius
1126 1937 1205 1982 eou-

101 2025 166 2085 sul:
187 2039 268 2100 „nou
288 2035 358 2099 ego,
377 2021 486 2098 inquit,
505 2020 619 2080 initias
633 2035 687 2097 eo,
708 2025 770 2080 taur
789 2021 967 2095 sponsiones
981 2025 1206 2099 quemioedern

100 2129 208 2188 saneto
228 2123 399 2198 esse-apud
419 2139 473 2182 eos
494 2123 631 2182 homines
651 2122 732 2195 opud
751 2137 828 2197 quos
846 2120 935 2195 juxte
953 2125 1073 2186 divinus
1092 2127 1206 2204 religi-

101 2243 177 2289 ones
196 2226 273 2287 iides
298 2227 429 2285 humens
449 2225 559 2284 oolitur
585 2223 640 2290 sed
667 2223 787 2297 injussu
811 2223 914 2300 populi
940 2240 1021 2304 nego
1047 2229 1209 2304 quidquem

101 2327 217 2392 sueni
242 2343 335 2403 posse
355 2326 442 2407 ¹quod
467 2326 611 2401 populum
636 2321 773 2382 teneri.“
825 2325 985 2401 rugosis
1014 2328 1110 2406 igitur
1137 2345 1207 2391 oum

100 2436 185 2494 metu
210 2433 342 2490 Deorum
367 2429 538 2487 deminutio
564 2428 765 2487 nomenoium
785 2425 818 2485 iu
838 2427 1025 2491 observando
1045 2436 1206 2508 praesepto

99 2534 155 2596 illo
175 2546 306 2606 unquam
326 2545 432 2606 paoem
451 2527 530 2590 inire
550 2529 649 2588 viotos
670 2528 750 2602 quod
775 2531 901 2587 vetaret.
947 2533 999 2592 iix
1024 2532 1075 2592 his
1101 2549 1207 2611 ungu.

100 2636 172 2698 edis
199 2633 340 2693 liberavit
364 2647 419 2694 eos
445 2631 498 2692 lex
520 2630 601 2706 juris
627 2630 770 2708 Fetislis,
797 2646 837 2690 ex
856 2646 917 2706 qus
936 2632 1008 2694 dedi
1024 2634 1208 2708 jubebantur

99 2737 256 2814 hostibus,
283 2734 313 2794 si
332 2733 385 2808 qui
401 2731 598 2808 jurejurando
618 2730 734 2806 aliquid
758 2732 967 2806 promisissent
993 2737 1104 2812 populo
1129 2738 1208 2797 hus-

101 2837 152 2898 tili
179 2853 237 2896 neo
262 2843 338 2894 suus
364 2833 492 2909 populus
519 2837 617 2895 retum
644 2834 770 2896 nuberet
795 2836 982 2911 promissum.
1034 2839 1072 2902 si
1099 2839 1237 2901 stricto.

101 2939 200 3016 igitur
222 2937 294 3014 jure
319 2950 384 2994 rem
409 2933 539 2994 velimus
564 2934 679 3013 metiri,
716 2951 778 2996 non
803 2937 956 3016 obligetur
982 2945 1048 3000 eret
1074 2942 1207 3017 populus

101 3044 189 3102 Rom.
215 3039 254 3098 sd
279 3037 505 3096 retihuiendnnr
531 3036 720 3112 sponsionem
746 3035 836 3098 istoru
861 3041 1025 3102 cunonem
1051 3043 1108 3103 sed
1133 3045 1208 3104 suta

102 3141 218 3202 iecisse
238 3137 429 3198 eoneediinus
449 3137 479 3199 si
499 3153 660 3215 sponsores
681 3139 868 3201 dederentur.
914 3144 982 3203 Neo
1000 3133 1096 3222 igitur
1116 3144 1206 3206 tidem

102 3241 201 3320 fregit
220 3239 348 3317 populus
369 3241 455 3301 Rom
473 3255 574 3316 neque
593 3239 660 3320 eglt
679 3245 783 3302 oenus
799 3242 852 3318 jus
872 3244 945 3304 belli
965 3249 998 3304 et
1008 3245 1096 3321 peois
1105 3259 1206 3320 neque

102 3344 223 3406 omnino
242 3345 368 3404 florente
386 3343 541 3418 republica
560 3342 652 3418 oirjiei
672 3347 771 3419 potest
790 3345 852 3405 tole
872 3345 943 3420 quid
962 3345 1124 3423 Bomonisp
1145 3349 1207 3407 ves

103 3441 259 3508 trementer
289 3444 407 3518 quidem
434 3460 526 3521 ssepe
546 3445 722 3508 offendimus
742 3445 775 3507 in
794 3447 911 3508 retioue
931 3448 1042 3526 egendi
1062 3453 1095 3507 et
1113 3435 1207 3510 mni

103 3549 184 3607 tiose
216 3544 374 3642 verterunt
403 3545 483 3622 juris
517 3529 762 3624 interpretatione
798 3565 856 3609 neo
886 3549 1000 3624 injuris
1030 3550 1105 3614 dioit
1142 3553 1205 3615 dux

104 3650 283 3713 Samnitium
301 3649 397 3723 ‘opud
429 3645 606 3726 Livium³J=
639 3651 732 3729 „Vos
765 3650 893 3712 Romani
925 3667 1042 3729 semper
1075 3653 1204 3732 eliquato

104 3751 207 3810 freudi
227 3750 359 3827 speeiem
374 3747 455 3826 juris
475 3749 655 3830 inponitis“
675 3752 730 3818 sed
745 3752 799 3828 jus
811 3752 1098 3835 nonroigrobouti).
1247 3745 1250 3752 ¹

175 3967 397 4038 Uxiorum&
448 3985 451 3992 ·
550 3983 558 4032 ·,
612 4023 617 4034 ,
679 4025 684 4034 ,
766 4017 811 4032 ,,
900 3989 903 3998 ’

175 4102 316 4172 sprx-,s

176 4237 334 4306 e)rx,11.

180 4369 587 4443 &timp-iopam.
