2960 5142
1152 357 1204 427 13

109 545 163 625 qui
191 539 329 622 injuriam
356 535 546 616 ooeeperiti)
578 531 726 613 simulque
758 532 845 596 tratri
872 535 1035 614 graiifimri
1061 533 1208 611 voiew)

109 653 237 712 Remum
256 661 352 706 noxae
373 645 456 702 dedit
476 640 633 700 Numitori,
680 641 754 698 iirat
774 644 873 699 autem
894 639 945 700 hio
964 639 1100 714 privatos
1120 640 1207 697 homo

112 769 133 808 a
153 752 244 806 stoue
265 757 358 824 regno
380 745 485 818 pulsus
505 745 537 799 et
557 740 590 798 in
610 739 694 816 agris
715 739 848 801 colendis
869 746 1041 816 ooonpatns·
1084 739 1118 799 si
1140 739 1207 814 tgr-

114 856 162 910 tnr
180 851 212 908 in
233 849 282 908 his
302 847 465 921 vestigium
485 843 579 902 latere
599 847 770 917 putaremus
787 842 865 915 iuris
885 843 1030 920 gentium,
1051 845 1133 900 esset
1153 857 1213 898 sae
1300 855 1304 870 ¹

112 967 151 1010 ne
177 943 331 1026 singulare
354 945 406 1018 jus
432 945 567 1022 gentium
588 939 780 1003 constitutum
801 943 919 1003 seilicet
938 943 1016 1002 inter
1035 953 1138 1020 regem
1160 943 1209 1001 oi·

111 1053 223 1110 vitatos
250 1056 282 1108 et
302 1049 448 1109 hominem
468 1048 616 1122 privatum
636 1045 668 1102 in
689 1044 792 1102 eadem
820 1044 944 1102 civitate
971 1043 1061 1102 vitum
1089 1043 1209 1120 ‹tegen-

111 1158 182 1212 tem.
230 1153 320 1211 Alter
344 1148 424 1210 Livii
452 1148 553 1224 loeus,
580 1162 638 1221 qno
665 1147 759 1204 utitur
786 1146 844 1203 Vir
869 1147 999 1222 noctus,
1026 1163 1086 1204 non
1112 1145 1211 1221 magis

112 1257 218 1331 probat
240 1249 306 1324 ejus
326 1251 494 1325 opinionem
515 1247 571 1306 seri
590 1247 641 1306 vel
662 1263 698 1306 eo
719 1251 768 1305 est
786 1250 956 1324 suspectus,
976 1247 1055 1321 qnod
1076 1247 1210 1323 ibiaga-

114 1363 164 1416 tur
184 1355 223 1412 de
243 1355 407 1428 legatorum
427 1349 601 1428 enuntiate,
629 1361 717 1425 qnam
745 1348 800 1409 vix
827 1347 906 1423 apud
927 1365 980 1407 eas
1000 1355 1108 1428 gentos
1128 1347 1214 1406 anti-

114 1473 191 1532 quas
211 1454 321 1512 laesam
343 1468 412 1513 esse
439 1452 551 1511 seimus
578 1459 655 1524 qnae
682 1463 749 1510 oum
769 1454 871 1509 essent
891 1450 1113 1526 ierootssImae,
1138 1447 1213 1507 nni·-

115 1561 178 1616 ium
198 1557 327 1614 ooierent
345 1556 397 1629 Jus
418 1553 563 1631 gentium·
604 1551 687 1610 Livii
707 1551 837 1612 narmtio
859 1551 935 1610 iraeo
952 1557 1016 1610 esta
1049 1548 1213 1626 Propinqui

117 1659 198 1734 regis
225 1651 323 1733 Tatii,
357 1655 409 1730 qui
436 1666 504 1714 enm
529 1645 656 1714 Romulo
682 1653 765 1713 urbis
792 1653 905 1710 Itomae
931 1663 1057 1728 regnum
1083 1649 1214 1724 tenebat,

114 1761 234 1835 pulsant
254 1758 436 1817 Laurentum
462 1756 580 1829 legatos
608 1755 732 1812 Romam
759 1754 867 1811 missos
894 1763 1020 1825 eumque
1047 1751 1214 1812 umentes

106 1859 183 1934 jore
209 1861 344 1934 pontium
369 1859 511 1932 sperent,
539 1853 619 1926 sputi
640 1852 759 1912 'tatium
786 1851 885 1928 gretia
910 1869 1030 1912 suorum
1057 1855 1088 1911 et
1107 1863 1214 1925 preoea

114 1962 184 2034 pins
210 1959 356 2031 poterant
411 1955 509 2024 Quare
536 1953 642 2012 Tatius
669 1967 728 2024 non
756 1954 848 2012 multo
873 1959 942 2029 post
969 1968 988 2011 a
1013 1951 1214 2014 Laurentibus

117 2059 271 2118 oooiriitun
318 2055 463 2115 Romulus
489 2054 568 2113 bello
596 2053 714 2127 quidem
734 2053 894 2131 abstinuit,
920 2059 955 2114 ut
975 2059 1073 2115 tamen
1099 2056 1215 2130 empto·-

114 2166 224 2219 rentur
244 2159 409 2234 legatorum
436 2155 564 2229 injuriae
591 2155 733 2231 regisque
760 2155 879 2231 caedes,
907 2156 1014 2215 metius
1042 2151 1121 2215 inter
1146 2158 1214 2215 tto-

115 2278 193 2326 mem
219 2261 438 2330 Laviniumque
470 2258 560 2314 urbes
594 2261 772 2314 renovatum
800 2262 855 2315 est.
910 2259 985 2316 Cum
1013 2258 1214 2318 Laurentibus

113 2364 176 2437 jem
202 2365 292 2418 antea
317 2360 416 2417 ruisse
443 2357 550 2414 foedus
575 2361 701 2432 apparet
726 2373 765 2414 ex
783 2357 978 2417 renovatione
998 2364 1103 2433 postea
1123 2361 1215 2418 iauu.

118 2465 153 2522 Si
173 2464 287 2519 nullum
308 2461 420 2517 inisset
440 2457 564 2535 foedus,
592 2461 680 2516 nefas
707 2458 825 2532 quidem
852 2475 912 2518 non
938 2461 1036 2519 minus
1056 2459 1216 2518 duxissent

118 2561 198 2620 iaedi
224 2562 352 2637 legatos,
377 2559 432 2617 sed
459 2561 529 2634 quia
550 2564 616 2617 erat
634 2559 759 2635 foedus,
786 2565 922 2634 poterant
941 2563 1108 2621 Laurentes
1131 2561 1216 2636 apud

117 2665 267 2723 Romanos
293 2666 467 2735 praesentes
494 2662 636 2734 conqueri
665 2662 704 2719 de
731 2662 897 2737 legatorum
923 2663 1102 2739 uiolatione,
1137 2662 1217 2736 quoti

117 2763 225 2824 Livius
246 2764 395 2836 expressit
422 2775 476 2836 per
504 2763 660 2821 formulam
678 2761 755 2834 jure
766 2779 768 2782 ·
771 2765 907 2837 pontium
924 2777 1029 2841 opere,
1050 2777 1128 2838 qnae
1147 2765 1216 2822 ior·-

119 2865 199 2922 mule
218 2865 381 2936 composite
400 2862 520 2921 videtur
539 2863 578 2920 ad
597 2865 783 2923 usitatiorem
803 2863 885 2922 illam
905 2865 968 2938 tepe
980 2879 1070 2938 opere
1087 2863 1138 2924 vei
1156 2879 1217 2939 po-

118 2965 179 3022 tins
196 2961 269 3036 iure
288 2979 395 3042 opere,
423 2979 510 3038 qnam
537 2964 659 3037 maJoris
687 2966 776 3023 etiam
802 2965 930 3022 ambitus
959 2980 1028 3024 esse
1048 2981 1105 3024 neo
1125 2965 1217 3039 quid·

118 3081 206 3140 quem
225 3065 328 3122 valere
354 3062 415 3121 nisi
439 3062 523 3137 jnsto
544 3065 630 3124 modo
656 3081 748 3143 agere
768 3066 870 3125 «tonuit
889 3065 1070 3143 Dirkseuss.
1111 3067 1146 3128 si
1166 3067 1217 3126 le·-

117 3167 184 3243 goti
203 3165 308 3223 violati
329 3167 428 3240 erant,
449 3170 588 3226 auotores
609 3167 753 3226 iocinoris
774 3167 851 3224 tradi
872 3165 1008 3225 solebant
1027 3166 1137 3242 populo
1157 3183 1217 3226 on-

114 3268 167 3341 jus
188 3266 283 3342 legati
304 3267 423 3322 ruerant
443 3269 478 3324 ut
498 3283 533 3326 se
560 3271 702 3342 emptoret
722 3267 849 3344 populns
870 3269 1039 3343 Romanus,
1061 3268 1115 3342 jus
1134 3269 1216 3328 enim

119 3369 286 3444 legatorum
315 3379 381 3422 oum
408 3367 559 3428 hominnm
584 3367 735 3445 praesidio
754 3368 898 3428 munitum
918 3373 981 3426 tum
1002 3368 1092 3428 etiam
1113 3367 1216 3429 divino

116 3468 186 3541 iure
205 3468 348 3526 vatiaum
368 3465 487 3542 erati).
528 3470 563 3530 si
589 3486 649 3530 non
675 3469 805 3528 traderet
829 3469 958 3545 populns
984 3469 1146 3530 violatores
1165 3472 1216 3530 le·

120 3573 273 3649 gaurum,
297 3567 330 3628 in
351 3583 420 3625 eum
440 3570 517 3626 verti
536 3573 681 3644 putabant
699 3571 829 3630 Deorum
849 3571 939 3645 iram,
966 3586 1023 3630 nea
1050 3584 1118 3632 raro
1144 3571 1216 3632 tatia

121 3669 230 3743 injuria
255 3683 311 3743 per
334 3669 453 3744 legatos
473 3675 596 3744 aooepta
616 3686 720 3730 ansam
740 3671 812 3731 belli
832 3669 929 3748 dedit,
955 3673 1011 3730 sod
1037 3674 1151 3734 nullum
1178 3689 1216 3733 eo

121 3771 273 3828 vinculum
291 3774 411 3843 ruptum
433 3783 502 3827 esse
522 3772 711 3849 credebatur,
737 3785 796 3832 non
824 3772 903 3830 euim
921 3773 1044 3834 vincum
1057 3774 1216 3852 eonjuuoii

123 3877 207 3933 erant
226 3871 345 3949 popuii,
366 3868 426 3928 nisi
446 3869 525 3928 inter
545 3872 681 3949 singulos
701 3873 746 3935 ita
760 3875 953 3936 'eonvenerat

189 4087 219 4156 1)
237 4089 350 4154 Dionys.
368 4087 635 4156 irai.areinaoi.1‚
656 4091 699 4144 st.

190 4189 221 4256 e)
239 4192 319 4244 Dion.
335 4191 400 4243 Hei.
417 4191 437 4243 l.
456 4201 482 4244 o.

191 4291 221 4356 a)
245 4288 374 4356 Beitrttge
390 4303 445 4343 aur
459 4289 560 4344 linnde
577 4291 627 4344 dea
643 4292 676 4344 ii.
693 4287 727 4347 u.
745 4307 772 4361 p.
789 4294 851 4348 eii.

190 4392 222 4461 4)
240 4393 298 4447 cie.
317 4391 353 4444 ‹ie
369 4391 481 4458 inrusp.
498 4403 572 4460 resp.
591 4393 633 4446 16.
652 4395 699 4447 ³4.
