2958 5162
251 375 287 421 v1

249 527 333 596 Tuis
355 528 441 617 qnod
454 547 556 618 nuper
572 527 782 600 Godolredus
795 530 1016 623 Hermannus,
1038 548 1134 622 quem
1147 531 1358 624 interprae-

246 656 467 738 ceptoresme
478 668 651 720 numerare
663 669 765 738 posse
777 648 877 719 valde
894 651 973 717 mihi
985 651 1143 743 gratulor,
1164 659 1231 721 mm
1246 673 1355 740 egre-

246 769 303 858 gie
337 769 578 859 pronuntiavit,
616 768 792 838 curandum
825 788 906 838 esse
934 776 970 837 ut
997 770 1127 859 aliquod
1155 771 1228 859 quis
1250 775 1353 860 quusi

247 886 443 957 domicilium
470 888 609 977 haheat,
636 886 721 977 quod
739 891 815 976 jure
836 909 930 956 suum
951 888 1063 958 dicere
1085 890 1120 958 in
1141 909 1246 978 eoque
1267 910 1356 978 reg-

148 1101 151 1109 ,
247 1026 329 1076 nare
362 1006 472 1095 possit
497 1025 561 1074 nec
588 1012 743 1096 tanquam
770 1005 894 1094 hospes
922 1007 1076 1095 propriae
1105 1007 1198 1076 sedis
1224 1028 1355 1098 expers
1464 1023 1465 1034 ¹

249 1133 391 1214 vagetur
415 1143 477 1214 per
504 1125 633 1194 alienas
655 1125 787 1215 domos,
808 1130 906 1194 notus
928 1124 1058 1213 quidem
1079 1126 1200 1218 ubique
1221 1133 1257 1195 et
1279 1129 1357 1197 for-

249 1247 355 1316 tassis
383 1246 483 1315 etiam
510 1250 669 1332 acceptus
696 1245 758 1312 sed
786 1264 947 1334 nusquam
968 1244 1117 1313 dominus
1139 1251 1176 1313 et
1194 1247 1266 1315 iure
1288 1268 1354 1315 suo

248 1384 439 1456 possessor,
458 1364 506 1431 ita
528 1368 654 1431 tantum
674 1363 745 1431 lore
766 1368 803 1430 nt
825 1362 899 1452 quis
920 1364 1070 1432 conferat
1094 1364 1172 1454 quid
1193 1365 1237 1432 ad
1258 1385 1356 1434 com-

249 1503 377 1555 munem
403 1481 588 1552 utilitatem.
632 1479 704 1550 Sed
731 1481 798 1550 alia
820 1501 949 1572 quoque
969 1482 1004 1550 in
1024 1502 1063 1550 re
1083 1503 1136 1551 me
1158 1484 1264 1552 Tuum
1286 1504 1355 1552 ex-

203 1633 207 1642 ·
248 1603 390 1692 emplum
410 1601 530 1671 imitari
550 1597 721 1668 studuisse
742 1620 787 1669 ex
806 1601 870 1670 hoo
883 1600 991 1668 libello
1003 1602 1182 1691 intelliges
1226 1601 1353 1688 Quam.
1466 1687 1467 1690 Ἴ

234 1725 349 1812 'qnam
376 1721 463 1790 enim
493 1725 649 1789 versatus
681 1737 753 1785 sum
781 1721 815 1786 in
844 1721 943 1788 rebus
970 1719 1117 1812 bellicis,
1142 1742 1349 1812 summopere
1466 1715 1467 1718 '

249 1842 327 1911 cavi
354 1859 397 1910 ne
423 1839 537 1910 fierem
556 1857 691 1926 pugnax
712 1845 749 1906 et
770 1858 848 1907 acer
870 1858 978 1928 neque
999 1845 1136 1910 secutus
1157 1841 1259 1928 igitur
1279 1862 1345 1910 sum

249 1963 339 2054 illos,
358 1962 413 2052 qui
433 1959 489 2030 vix
510 1957 619 2046 elapsi
638 1977 684 2026 ex
705 1957 846 2024 tirocinii
868 1959 981 2048 annis,
1003 1957 1253 2028 adolescentum
1277 1961 1351 2028 Ro-

247 2100 415 2151 manorum
449 2096 540 2150 more
567 2081 703 2164 captent
729 2076 889 2143 illustrem
917 2074 1079 2165 quandam
1108 2079 1355 2158 accusationem
1465 2049 1467 2070 ἲ

250 2207 287 2270 et
314 2194 490 2268 detrahere
515 2187 639 2284 aliquid
661 2193 818 2262 studeant
838 2194 967 2282 magnis
988 2195 1089 2284 viris,
1110 2194 1266 2264 diversae
1287 2199 1355 2264 im-

248 2320 381 2410 primis,
402 2336 485 2408 quos
506 2321 644 2404 vocant,
665 2312 801 2384 scholae
829 2314 1036 2406 auctoribus,
1057 2316 1195 2382 meritae
1215 2313 1353 2407 gloriae,

250 2439 344 2507 obliti
372 2435 522 2525 prolecto
546 2433 755 2522 pumilionem
774 2433 809 2499 in
829 2433 976 2518 gigantis
998 2431 1145 2501 humeris
1165 2433 1354 2521 impositum

249 2555 380 2644 longius
399 2552 531 2644 quidem
552 2551 756 2641 prospicere,
776 2549 843 2617 nisi
863 2549 937 2637 ipse
959 2570 1081 2634 caecus
1103 2553 1160 2644 sit,
1182 2573 1277 2643 quam
1296 2554 1351 2644 gi.

250 2681 400 2764 gantem,
421 2691 556 2744 manere
577 2677 689 2739 tamcm
709 2665 945 2737 homunculum.

522 2878 524 2886 ¹
568 2857 674 2948 Vale,
693 2855 756 2924 Vir
777 2858 916 2948 optime,
936 2857 1080 2951 mihique
1099 2859 1217 2932 favere
1237 2879 1353 2951 perge.

250 3101 383 3192 Scripsi
402 3100 437 3168 in
457 3095 638 3168 Academia
658 3091 1042 3167 Christiana-Albertina
1063 3095 1354 3186 rittershusius

817 3217 980 3286 Novemh.
1002 3216 1082 3285 anni
1107 3213 1225 3287 1835.
