2958 5162
276 367 333 454 82

277 553 370 612 tacta
423 547 513 611 Paeti
539 539 575 610 nt
602 537 698 608 arma
712 552 803 624 atque
838 563 932 623 equos
953 549 1119 626 animent,
1140 545 1173 609 in
1194 543 1295 626 capita
1314 553 1390 613 Ro-

279 669 368 714 mana
394 631 526 712 trecenis
554 651 682 712 nummis
702 685 747 696 -
768 655 800 709 at
826 655 917 710 uteo
938 653 1035 725 pretio
1057 653 1208 726 persoluto
1230 671 1299 712 eum
1315 657 1392 714 sin-

270 738 365 833 'gnlis
400 740 517 814 abirent
544 752 749 830 vestimentis,
775 755 808 813 in
837 759 936 813 castra
957 756 1060 812 hostes
1082 756 1293 828 aeceperunti‘.
1337 758 1391 817 Ibi

281 859 421 918 dicuntur
441 857 571 915 victores
593 856 757 914 macedone
777 857 868 916 vietis
889 857 929 914 ad
946 844 1126 914 deditionem
1139 859 1311 936 compulsis,
1334 861 1394 919 vi-

282 969 344 1020 tam
366 960 480 1019 salvam
503 958 557 1018 sed
578 959 659 1031 pacti
680 974 759 1036 esse,
780 963 938 1032 antequam
958 959 1018 1016 hoo
1037 960 1133 1034 fleret,
1154 962 1189 1016 ut
1209 959 1285 1017 vieti
1302 977 1394 1019 orma

283 1066 315 1121 et
343 1076 436 1135 equos
461 1049 613 1118 traderent
634 1065 664 1118 et
684 1061 812 1134 pretinm
834 1063 994 1119 solverent.
1036 1063 1158 1119 Poterat
1178 1063 1236 1120 heo
1252 1063 1395 1137 ‘scriptor

284 1165 404 1222 diversa
431 1163 485 1220 ilia
512 1163 645 1239 ratione,
667 1175 745 1236 quae
765 1161 905 1222 usitatior
926 1164 989 1238 est,
1011 1162 1193 1241 exprimere,
1219 1153 1394 1242 res‘igitur

284 1266 388 1326 eadem
408 1269 476 1323 fere
498 1268 554 1322 est.
1207 1273 1212 1292 ³

370 1367 455 1427 'iali‘s
485 1366 643 1424 conventio
671 1365 750 1424 inter
770 1367 921 1426 Romanos
936 1369 974 1423 et
994 1367 1099 1424 hostes
1119 1367 1203 1424 iacta
1224 1365 1320 1441 igitur
1339 1370 1386 1425 est

283 1471 351 1529 sine
377 1469 555 1528 auctoritate
582 1472 705 1526 senatus
733 1470 763 1524 et
784 1467 876 1539 jussu
902 1457 1005 1541 populi
1030 1482 1128 1540 neque
1150 1471 1215 1524 erat
1236 1470 1389 1528 solemnis.

282 1570 481 1646 imperatores
503 1587 557 1629 suo
580 1569 702 1628 arbitrio
724 1582 790 1627 eam
811 1573 949 1642 poterant
968 1570 1046 1626 inire
1068 1573 1099 1627 at
1120 1570 1262 1629 debuisse
1274 1573 1388 1630 viden-

284 1678 335 1732 tur
362 1674 528 1732 concedere
548 1672 687 1730 hostibus
702 1669 797 1744 'plane
818 1672 910 1730 victis
926 1674 966 1730 ut
986 1671 1133 1744 ejusmodi
1155 1672 1227 1746 quid
1247 1674 1309 1732 sibi
1332 1691 1392 1734 es-

274 1777 421 1850 ·eiparent
443 1773 472 1852 ).
501 1761 503 1768 ’
991 1787 995 1798 ·

371 1877 455 1949 'Quae
481 1877 509 1936 si
536 1877 619 1935 esset
645 1875 710 1933 sola
734 1863 821 1933 vocis
847 1874 998 1948 pactionis
1025 1873 1226 1953 significatio,
1253 1877 1297 1936 ita
1325 1881 1385 1936 fere

270 1979 406 2060 ,differre
434 1979 600 2037 diceremus
626 1976 750 2052 foedus,
778 1977 968 2048 sponsionem
990 1980 1020 2033 et
1040 1979 1218 2050 pactionem.
1259 1981 1297 2037 ln
1318 1985 1390 2039 roe-

286 2083 359 2139 dere
391 2085 517 2154 uterque
548 2080 677 2153 popolus
710 2078 880 2152 postulabat
906 2078 1021 2149 aliquid
1046 2079 1097 2135 vel
1124 2081 1334 2152 paciscebatur
1362 2088 1393 2140 et

286 2182 491 2256 promittebat,
519 2183 554 2240 in
581 2181 742 2254 sponsione
769 2181 806 2239 ab
834 2195 897 2266 una
920 2181 1035 2237 tantum
1055 2184 1156 2257 porte,
1179 2187 1210 2240 et
1230 2198 1250 2239 a
1270 2185 1391 2242 civibus

217 2303 220 2308 ·
288 2285 407 2357 quidem
428 2284 519 2342 unius
540 2284 653 2360 populi,
673 2277 900 2357 promittebatur
920 2281 1035 2354 aliquid
1057 2283 1183 2358 (foedus
1205 2284 1295 2342 ictum
1317 2285 1391 2360 iri);

287 2387 321 2444 in
342 2385 481 2459 pactione
501 2386 577 2442 alter
596 2387 725 2458 populus
745 2385 917 2457 postulabat
937 2384 988 2442 vei
1009 2385 1180 2458 excipiebat
1197 2386 1317 2462 aliquid,
1337 2387 1389 2444 ai·-

288 2489 384 2547 terius
406 2491 471 2546 erat
490 2488 549 2546 hoc
568 2486 741 2544 concedere.
1025 2473 1036 2488 ⁴
1102 2517 1106 2525 ι

374 2589 436 2649 Sed
461 2589 630 2662 pactionem
651 2571 829 2660 saepissime
849 2584 957 2643 latiore
978 2599 1071 2645 semu
1092 2588 1301 2663 aecipiendmn
1321 2607 1388 2648 esse

289 2696 417 2776 constat.
465 2691 612 2764 Ulpianus
621 2688 668 2763 ’jz
694 2691 768 2766 „est
787 2690 901 2762 autem,
922 2686 1030 2766 inquit,
1049 2694 1153 2764 pactio
1171 2691 1301 2750 'duorum
1320 2693 1383 2766 plu-

289 2794 405 2852 riumve
436 2791 470 2848 in
501 2790 580 2848 idem
611 2791 754 2872 placitum
789 2790 980 2846 consensus“
1008 2793 1038 2848 et
1066 2791 1229 2868 ciceron:
1253 2798 1389 2869 „paetum

291 2900 338 2953 e'st
366 2893 444 2967 quod
470 2894 549 2951 inter
576 2893 692 2965 aliquos
721 2892 871 2968 convenit,
893 2894 973 2964 quod
990 2893 1053 2966 jam
1075 2893 1118 2950 ita
1135 2894 1249 2968 justum
1269 2899 1392 2968 putatur

253 2985 255 2989 ’
290 3002 325 3055 ιιι
346 2996 416 3070 June
441 2995 589 3068 praestari
615 2993 762 3052 meatum.
810 2996 876 3051 Hoc
897 2994 992 3070 igitur
1013 3010 1107 3053 sensu
1126 2996 1277 3065 notissimo
1292 3009 1390 3051 voca·
1447 2959 1448 3038 i

279 3099 395 3157 'bulum
421 3093 561 3170 poetici)
588 3111 682 3168 aeque
707 3097 849 3173 generale
879 3100 926 3154 εει
953 3111 990 3154 ao
1018 3099 1189 3173 conventio,
1214 3100 1246 3153 et
1269 3101 1391 3169 paetum

292 3201 372 3258 idem
393 3198 540 3272 estquod
562 3199 749 3274 conventum,
771 3198 802 3255 ld
824 3198 862 3254 de
878 3213 935 3272 quo
947 3198 1089 3255 convenit
1110 3199 1392 3274 duorumplurium-

293 3316 352 3374 que
379 3312 541 3375 consensu,
569 3315 625 3358 nee
651 3303 698 3356 εει
722 3301 803 3373 quod
829 3316 974 3377 negemus
995 3299 1119 3358 foedera
1140 3302 1198 3359 hoc
1219 3315 1311 3359 sensu
1330 3299 1389 3354 diei

292 3419 382 3478 posse
402 3402 556 3478 pactiones
577 3387 634 3458 neo
654 3401 759 3458 mirum
781 3405 828 3459 est
849 3402 893 3477 si,
914 3401 946 3458 id
961 3402 1040 3474 quod
1061 3415 1152 3476 saepo
1166 3403 1214 3476 nt,
1232 3401 1389 3474 junopo-

195 3512 200 3523 '
292 3509 401 3563 nantur
432 3503 555 3560 foedera
580 3506 612 3558 et
643 3500 853 3578 pactiones5),
881 3505 1056 3575 praesertim
1083 3516 1150 3562 curm
1176 3501 1288 3560 foedus
1313 3500 1391 3560 haud

292 3622 360 3666 raro
382 3605 499 3662 dicatur
519 3605 614 3662 omnis
636 3605 804 3678 conjunctio
824 3607 1046 3683 Ιειέοιινειιιίε.

378 3705 549 3766 Secundum
575 3705 651 3764 haec
676 3722 753 3778 quae
780 3706 997 3780 disputavimus
1023 3707 1068 3764 ita
1088 3707 1126 3768 de
1147 3705 1335 3782 discrimine,
1355 3703 1392 3762 de

260 3859 262 3864 ,
294 3825 353 3886 quo
375 3809 490 3884 agitur,
512 3807 702 3866 statuendum
722 3807 874 3884 mostra,
897 3809 968 3868 Non
988 3808 1084 3867 tribus
1105 3810 1201 3870 modis
1222 3824 1284 3884 pax
1303 3806 1392 3866 debat

363 4025 392 4092 i)
410 4029 472 4078 [dv.
488 4025 524 4090 X,
540 4027 584 4077 86.
673 4083 677 4092 ,

362 4129 392 4189 2)
407 4129 426 4180 l.
444 4127 459 4179 1
478 4128 504 4189 s.
521 4128 547 4178 2.
565 4127 599 4177 D.
616 4128 650 4179 de
665 4127 736 4190 pact.
753 4128 794 4188 (2.
811 4127 869 4190 14).

363 4225 394 4292 8)
411 4229 445 4279 de
462 4229 563 4280 invent.
581 4227 672 4295 ibes,
685 4229 728 4280 68.

361 4324 392 4394 4)
410 4323 469 4394 (iaj.
479 4328 527 4393 111,
541 4327 568 4390 s.
582 4328 627 4380 94.

362 4427 393 4494 ὅ)
409 4429 467 4482 cic.
483 4442 535 4495 pro
551 4429 631 4481 caeo.
649 4429 693 4498 is,
709 4429 736 4493 8.
752 4428 798 4482 ti.
