2958 5162
1175 334 1230 406 59

129 533 221 596 coros
249 531 349 578 eorum
375 529 426 576 res
453 509 566 579 nullius
593 526 664 572 esse
691 514 855 582 censebant
887 515 919 578 et
951 511 1146 588 occupatione
1171 513 1232 575 sibi

130 622 239 680 cedere
265 635 355 694 qnare
382 632 458 695 ager
478 617 686 691 occupatorias
714 633 739 674 s.
763 614 967 692 occupaticius
988 617 1194 692 appellabatur
1213 633 1233 675 a

130 720 273 784 Romanis
295 737 362 780 curn
382 721 411 778 is
438 735 524 794 quem
549 719 680 778 victores
702 718 740 778 ob
766 717 904 777 hostibus
925 717 1076 794 cepissent
1096 723 1159 778 tum
1180 718 1231 792 qul
1271 759 1277 778 .

131 839 244 883 vacuus
272 826 304 880 et
331 823 469 883 desertum
495 837 515 878 a
543 821 707 880 cultoribus
732 835 936 908 possessorem
968 825 1074 881 nactus
1102 825 1184 880 esset
1192 819 1234 896 ¹).

128 929 195 986 Nec
222 929 323 984 tamen
351 939 468 997 semper
494 938 610 984 omnem
637 933 744 998 agrum
770 921 862 980 vietis
891 923 1029 981 hostibus
1063 922 1233 982 adimebant

129 1026 259 1088 Romani
293 1026 348 1084 sed
372 1031 486 1100 partem
514 1024 582 1102 agri
590 1021 632 1098 ²).
674 1023 909 1108 Α1>οιιιιιοιιίιιιῑῦι
942 1039 1048 1102 egros,
1075 1024 1166 1106 dicit,
1194 1039 1235 1084 cx

127 1131 267 1189 hostibus
288 1131 392 1203 captos
420 1143 480 1186 uon
506 1126 635 1201 praedae
662 1124 729 1183 loco
751 1125 858 1185 cedere
879 1127 934 1185 sed
958 1125 1115 1201 publicari.
1156 1126 1233 1194 Ali-

128 1233 247 1307 quoties
280 1234 380 1290 umen
406 1246 497 1308 ager,
526 1227 578 1302 qni
610 1227 750 1301 publicus
783 1229 884 1287 factus
924 1233 989 1314 crat
1019 1228 1123 1303 populi
1148 1231 1234 1290 Rom.

126 1334 342 1393 restituebatur
366 1330 505 1406 pristinis
539 1327 706 1408 dominis⁴J
734 1334 769 1388 ut
801 1334 956 1391 uterentur
982 1333 1014 1388 ct
1036 1330 1236 1406 'possiderent

128 1438 298 1512 populoque
317 1437 403 1494 Rom
425 1435 538 1491 certum
558 1432 693 1510 vectigal
712 1432 886 1512 penderent,
905 1433 1043 1494 manebat
1063 1437 1164 1493 autam
1183 1432 1237 1493 illc

129 1555 205 1616 ager
237 1537 388 1618 publicus
403 1534 505 1610 populi
531 1532 660 1598 Romani
694 1538 729 1592 ut
769 1533 857 1592 docet
882 1534 1037 1594 Ferrstius
1045 1533 1088 1610 δ).
1128 1531 1236 1594 Variis

127 1645 285 1717 praeterea
311 1637 411 1700 modis
433 1637 562 1699 Romani
588 1651 627 1694 ex
655 1649 743 1715 agro¹
757 1635 795 1696 ab
822 1635 961 1696 hostibus
989 1639 1077 1709 copto
1103 1637 1236 1697 fructum

127 1740 343 1818 percipiebant,
365 1738 543 1810 saepissime
564 1737 644 1794 enim
665 1735 780 1804 colonis
800 1737 838 1796 ab
850 1737 931 1798 Urbe
951 1736 1054 1799 missis
1075 1751 1146 1811 pars
1167 1735 1235 1814 agri

127 1845 276 1915 hostium,
302 1841 477 1914 plerumque
504 1835 610 1912 tertia,
639 1835 710 1892 data
738 1836 927 1924 cst⁰)‚·nec
953 1854 1022 1897 raro
1055 1837 1237 1911 temporibus

118 1945 274 2017 ‚bellorum
296 1939 429 1999 civilium
449 1935 594 1998 militibus
616 1937 748 1996 emeritis
770 1943 801 1997 et
825 1937 978 1999 veteranis
999 1939 1067 2018 agri
1088 1939 1239 2018 assignati

131 2011 251 2118 sunto:
294 2043 368 2102 oum
389 2039 516 2099 Romani
538 2044 623 2100 extra
641 2041 762 2102 Italiam
788 2041 901 2102 bellum
926 2044 1073 2120 gerebant
1094 2045 1125 2100 et
1144 2056 1237 2120 mag-

128 2161 233 2205 norum
253 2158 359 2218 regum
380 2143 613 2216 populorumque
634 2141 766 2200 victores
788 2144 917 2220 tiebant,
937 2143 1089 2220 insignem
1112 2143 1237 2218 conspi-

128 2250 225 2306 cimus
245 2243 442 2320 prudentiam,
465 2257 592 2319 quacum
612 2247 720 2320 gentes
742 2245 897 2320 terrasque
919 2244 1018 2302 victas
1039 2244 1239 2332 adjungerent

129 2348 255 2424 imperio
284 2361 358 2422 suo,
386 2345 607 2420 provinciarum
640 2345 814 2418 plerumque
842 2347 898 2406 sub
926 2347 1032 2406 forma.
1073 2345 1239 2406 Maximam

116 2467 248 2525 ⁴semper
269 2466 309 2508 ex
329 2449 466 2507 victoriis
488 2446 553 2506 suis
573 2447 733 2505 utilitatem
755 2428 961 2521 percipiebant
980 2464 1078 2521 neque
1096 2464 1163 2508 cam
1180 2463 1239 2506 ne-

117 2553 289 2632 gligebant
315 2549 344 2610 si
371 2553 481 2606 terram
510 2551 685 2622 occupatam
722 2547 815 2606 sociis
848 2548 913 2608 suis
948 2550 1107 2620 donabant
1126 2565 1239 2624 eosque
1296 2553 1298 2558 '

129 2630 328 2740 solosff'rlitare
348 2651 645 2724 videbanturneque
667 2648 695 2708 si
721 2649 841 2734 populis
861 2651 953 2710 victis
972 2652 1140 2712 libertatem
1161 2666 1238 2710 cou-

132 2756 294 2832 cedebant,
313 2757 349 2812 ut
370 2752 496 2838 Graecis
521 2757 592 2838 post
620 2750 776 2812 victoriam
806 2751 844 2808 de
870 2743 945 2828 rege
961 2753 1104 2830 ,Philippo
1130 2766 1239 2828 repor-

133 2861 236 2914 tatam.
274 2907 277 2912 .

203 2969 233 3036 1)
267 2968 372 3022 Festus
389 2981 414 3022 a.
431 2981 459 3020 v.
477 2971 666 3034 occupaticius
682 2983 709 3036 p.
724 2969 774 3024 111
793 2972 866 3037 etp.
883 2969 944 3022 187.
970 2967 1067 3024 licien
1083 2970 1126 3022 rel
1142 2979 1236 3034 ugron

136 3058 277 3140 auctores·
285 3068 312 3118 p.
323 3051 377 3103 45.

203 3153 232 3220 2)
266 3156 328 3206 hir.
345 3152 387 3219 ΙΙ,
403 3153 448 3206 41.
482 3154 563 3220 Vlll,
580 3153 606 3207 1.
641 3147 825 3224 x,1.'Dion.
843 3156 878 3207 ii.
895 3157 935 3222 11,
953 3157 999 3210 90.
1018 3157 1065 3208 ei.
1098 3157 1143 3225 V,
1158 3154 1203 3209 49.

203 3253 233 3320 9)
268 3255 349 3308 190.
367 3252 390 3320 q.
407 3254 434 3308 1.
451 3257 484 3308 Ι).
503 3257 537 3308 oe
555 3258 672 3320 captivis
690 3255 748 3323 (49,
762 3257 837 3324 te.);
856 3255 952 3324 cujac.
971 3257 1108 3311 observo.
1125 3259 1235 3324 xixa.

125 3401 128 3408 .
203 3355 233 3422 t)
269 3354 327 3409 cre
344 3358 375 3406 n
398 3357 479 3411 verr.
497 3359 543 3413 uo.
567 3359 616 3410 ιιι.
641 3371 667 3410 0.
685 3343 711 3412 c.
736 3357 759 3426 q.
777 3358 822 3426 na.
857 3360 988 3411 noscunt.
1011 3361 1044 3412 u.
1062 3359 1097 3411 ιι.
1125 3374 1152 3426 p.
1171 3359 1236 3411 me.

136 3442 250 3494 Walter
265 3443 465 3510 uecutsgescu.
482 3458 509 3510 p.
525 3445 588 3496 223.

120 3529 125 3542 ⁸
205 3542 236 3613 b)
261 3546 362 3609 Epistt.
379 3557 407 3610 p.
426 3545 473 3594 98.
489 3545 622 3596 Nolumus
640 3545 780 3610 attingere
798 3545 936 3596 difficilem
952 3546 1028 3596 iilam
1045 3545 1237 3609 qaaestionem

137 3629 172 3681 cle
190 3641 260 3694 agro
283 3629 394 3693 publico
412 3624 527 3692 eiusque
544 3642 598 3682 cusu
616 3642 651 3682 ac
668 3629 830 3681 condicione
849 3630 937 3694 qualis
954 3631 1040 3682 fuerit
1056 3633 1144 3682 variis
1162 3637 1238 3684 tem·

135 3716 250 3778 poribus
268 3715 437 3778 reipublicae
454 3713 533 3764 Rom.
552 3726 603 3766 nec
619 3719 742 3764 nostrum
762 3727 826 3766 esse
843 3717 983 3779 putamus.
1013 3713 1083 3767 l’ost
1096 3717 1238 3769 Niebuhrtl

137 3801 329 3863 inquisitiones
353 3799 433 3850 multi
456 3798 491 3850 (le
519 3810 554 3848 cs
578 3811 611 3850 re
635 3801 807 3863 scripserunt
833 3801 931 3864 partim
958 3801 1110 3864 probantes
1137 3804 1239 3864 partim

137 3887 330 3950 impugnantes
346 3881 439 3948 magni
456 3883 510 3934 viri
526 3885 708 3946 senteutiam
732 3885 806 3935 inter
826 3885 994 3936 recentioris
1012 3887 1144 3949 temporis
1161 3888 1237 3938 scri-

138 3974 234 4032 ptores
262 3977 332 4032 prae
361 3969 462 4018 ceteris
491 3969 647 4020 nominandi
671 3971 737 4018 sunt
758 3967 870 4019 Walter
899 3966 939 4033 (iu
961 3969 1022 4020 hist.
1036 3967 1093 4034 jur.
1112 3971 1189 4024 Rom·
1214 3972 1236 4022 1.

139 4067 165 4117 p.
184 4053 228 4105 19.
246 4055 292 4104 98.
311 4053 355 4105 70.
372 4054 438 4104 299.
456 4055 485 4104 et
500 4050 623 4117 saepius)
647 4055 677 4106 et
693 4051 744 4106 Et·
761 4052 894 4106 Huschke
909 4054 938 4104 in
954 4053 1047 4106 libello
1072 4056 1119 4118 qui
1134 4056 1237 4106 iuscri-

140 4138 229 4188 bitere
254 4137 349 4188 liabeo
370 4137 415 4188 ute
433 4139 521 4192 socie
544 4137 593 4190 ‹les
611 4138 701 4190 Varro
727 4151 783 4192 von
807 4137 860 4190 ‹lan
877 4139 1016 4192 molerem
1044 4137 1093 4201 (ie
1115 4152 1149 4192 rc
1165 4145 1238 4194 rust.

140 4223 167 4291 l,
185 4221 211 4272 9.
229 4218 251 4286 b.
269 4222 310 4280 a.)
327 4223 381 4275 etc.
412 4255 423 4278 .

211 4301 402 4370 tl)'Nlehnhr.
422 4307 454 4358 ll.
479 4322 506 4371 p.
524 4307 574 4358 lii.¹

209 4402 239 4470 7)
275 4406 309 4457 ei.
328 4407 467 4462 Drumaun
487 4408 587 4460 uesci.
605 4410 689 4461 Rome
715 4409 746 4459 Τ.
765 4409 801 4460 ll.
824 4423 849 4474 p.
868 4409 931 4458 490.
