2960 5142
259 313 317 386 38

260 498 337 570 erat,
356 489 384 554 si
402 496 572 572 noneperte
587 491 640 569 ius
660 487 827 554 violabatur
846 488 900 550 sed
920 484 1067 565 injustitia
1086 487 1163 550 bene
1183 487 1276 548 celari
1296 505 1360 565 po·

263 600 348 653 terat.
399 601 481 656 Bene
507 596 656 672 expressit
680 611 800 654 sensum
827 595 1025 654 Romanorum
1045 591 1279 667 Macblavellil)
1306 591 1358 652 bis

263 699 328 755 t’ere
348 698 464 757 verbiss
490 699 645 775 „videmus
671 712 730 755 uon
755 695 937 754 abstinuisse
961 694 1069 754 mande
1095 701 1125 753 et
1150 695 1218 752 dolo
1239 697 1357 754 Mnus-

264 815 319 857 nos
340 816 375 858 eo
397 805 542 876 tempore,
570 815 627 874 quo
648 800 723 857 dues
743 796 858 870 imperii
879 796 1061 870 incipiebant
1081 811 1256 874 prorogare,
1284 797 1357 869 qui-
1452 837 1453 844 ι

264 902 327 959 bus·
343 902 483 959 utendum
504 904 551 959 est
576 899 711 959 omnibns
738 899 788 972 qui
809 900 847 956 ad
874 913 989 956 summa
1013 898 1139 983 fastigia
1164 897 1314 971 potentiae
1333 915 1354 956 a

264 1002 377 1078 parvis
394 1001 489 1063 initiis
515 1002 675 1060 escendere
701 1002 820 1078 volunt,
847 1000 950 1074 quales
976 1003 1057 1056 artes
1078 1015 1113 1057 eo
1134 999 1232 1057 minus
1253 1005 1352 1074 turpes
1454 980 1455 1008 ¹

265 1108 350 1180 sunt,
385 1119 442 1178 quo
457 1103 566 1180 magis
599 1104 733 1162 celantur
759 1103 839 1162 sicut
864 1118 928 1160 moa
955 1106 1020 1158 erat
1046 1099 1272 1161 nonanomm‘t
1320 1100 1356 1162 Si
1455 1111 1456 1122 ¹

266 1205 334 1280 quis
367 1207 407 1264 ad
438 1207 554 1264 laudem
584 1210 718 1264 veterum
749 1207 948 1266 Romanorum
978 1202 1067 1261 nimis
1101 1219 1263 1278 propensus
1297 1207 1376 1281 est,
1456 1176 1457 1236 ¹

268 1309 356 1381 objici
381 1313 480 1382 potest
512 1309 638 1368 historia
662 1309 700 1366 de
733 1308 894 1380 sponsione
922 1306 1072 1380 Caudina,
1104 1307 1187 1364 faeta
1212 1305 1252 1364 iis
1275 1311 1361 1382 tem·
1456 1313 1458 1364 l

267 1410 387 1483 poribus
414 1425 480 1468 cum
505 1410 633 1469 nondum
661 1425 762 1467 omues
790 1409 925 1484 argutias
952 1413 983 1464 et
1009 1408 1215 1484 calliditatem,
1251 1415 1286 1466 ut
1307 1409 1361 1467 di-

268 1513 297 1568 ci
318 1511 409 1586 solet,
435 1511 609 1570 imbiberant
628 1510 770 1587 Romani,
797 1525 864 1569 eum
891 1508 1020 1567 nondum
1047 1507 1103 1568 toti
1129 1515 1213 1568 erant
1241 1509 1276 1568 in
1296 1511 1362 1568 sal-

267 1612 354 1670 lendo
382 1616 413 1669 et
433 1612 615 1686 decipiendo.
664 1614 725 1672 Sed
758 1615 878 1670 manent
905 1611 1031 1687 ‘egregia
1064 1612 1134 1669 tidei
1167 1613 1197 1668 et
1221 1611 1360 1684 justitiae

268 1715 404 1786 exempla
434 1715 614 1787 temporibus
651 1718 722 1770 ante
760 1712 840 1770 bella
872 1713 988 1771 Punica
1019 1712 1238 1787 conspicuai),
1273 1729 1356 1787 quae,

268 1815 384 1873 etiamsi
417 1831 476 1874 non
503 1815 590 1874 nimis
623 1815 777 1874 credamus
810 1814 1029 1873 narrationibus
1065 1815 1168 1885 quales
1186 1814 1282 1872 unedo
1307 1819 1356 1871 at-

267 1917 339 1992 tuli,
372 1933 494 1990 quarum
520 1935 578 1974 non
604 1933 715 1990 plancas
742 1917 779 1973 ab
808 1917 953 1991 antiquis,
987 1917 1138 1973 annalium
1165 1918 1359 1989 scriptoribus
1464 1958 1465 2026 ,

268 2034 395 2092 proavos
416 2018 555 2076 laudandi
576 2017 792 2091 cupidissimis,
815 2020 900 2074 tictas
922 2021 953 2073 et
973 2021 1131 2074 exornatas
1154 2033 1231 2091 epse,
1253 2019 1363 2076 crede·
1464 2035 1466 2107 ¹,

268 2132 303 2175 re
323 2117 449 2192 licet⁸],
471 2119 579 2192 optime
600 2124 698 2177 tamen
719 2119 870 2176 declarant
890 2119 1019 2179 animum
1040 2118 1226 2191 antiquorum
1247 2121 1364 2178 Roma-

269 2233 381 2278 norum.
429 2224 538 2278 Postea
565 2221 682 2293 quidem
709 2223 857 2294 Romanos
885 2219 993 2314 callida
1014 2219 1093 2292 juris
1119 2220 1364 2292 interpretatione
1467 2252 1468 2280 l

270 2324 304 2378 ut
320 2325 456 2396 tegerent
471 2322 605 2378 imndem
623 2323 796 2396 saepissime
816 2338 887 2380 usos
905 2338 973 2379 esse
991 2322 1190 2394 conspicimus
1208 2327 1237 2379 et
1254 2338 1364 2395 quam-

272 2422 319 2478 vis
340 2422 449 2494 ubique
470 2421 703 2498 perstringerent
723 2423 853 2481 infidiam
875 2427 1039 2481 Poenorum
1046 2422 1079 2498 ⁴)
1102 2427 1132 2482 et
1152 2423 1227 2482 tides
1246 2425 1364 2482 Punica
1468 2429 1469 2436 ’

273 2523 421 2596 proverbii
441 2524 506 2580 loco
528 2539 579 2596 pro
601 2540 715 2582 summa
735 2527 772 2582 ab
793 2523 832 2581 iis
853 2524 956 2581 lutidia
977 2525 1135 2600 diceretur,
1156 2541 1189 2583 re
1211 2543 1284 2584 vera
1304 2543 1363 2586 nnn

271 2625 408 2684 meliores
429 2623 525 2682 inisse
547 2641 600 2682 eos
621 2605 707 2698 uuam
728 2625 1002 2702 Carthaginienses.
1044 2627 1105 2684 Sed
1126 2644 1185 2684 non
1207 2632 1254 2685 est
1273 2629 1360 2700 hujus

271 2725 330 2783 loci
357 2725 478 2783 uberius
504 2726 542 2783 de
568 2728 626 2785 hac
652 2743 685 2785 re
712 2726 873 2800 disputare.
925 2727 1148 2786 Persistendum
1181 2729 1297 2786 videtur
1327 2729 1360 2786 in

271 2825 401 2897 antiquis
428 2828 607 2900 temporibus
635 2828 742 2901 qulbus
764 2828 816 2912 jus
836 2827 908 2888 belli
929 2829 1062 2906 valebat,
1090 2829 1200 2904 quippe
1222 2830 1362 2905 quodibi

272 2927 381 3002 optime
402 2929 542 3003 cognosci
563 2934 670 3002 potest.

553 3077 556 3086 ’
630 3063 660 3122 1.
686 3065 754 3124 Jns
779 3063 1003 3143 legationis.

356 3182 438 3240 Inter
463 3159 624 3256 praecipua
644 3183 728 3259 jure,
761 3199 837 3256 quae
863 3183 935 3241 belli
962 3188 1093 3256 tempore
1119 3186 1292 3244 colebantur
1318 3189 1366 3244 est

270 3275 323 3354 ius
348 3283 513 3358 tepabcatia.
566 3284 705 3342 Manavit
731 3290 828 3344 autem
854 3283 1057 3362 legatorum
1045 3301 1098 3357 Jus
1125 3303 1163 3346 ex
1186 3288 1255 3360 jure
1280 3301 1364 3362 gen-

274 3384 362 3459 tinm,
395 3385 482 3458 quale
507 3385 617 3458 ubique
642 3387 816 3462 agnoscitur
841 3402 938 3458 neque
964 3386 1028 3444 ulla
1052 3402 1129 3464 gens
1156 3387 1277 3458 antiqua
1303 3390 1365 3444 tam

272 3487 339 3544 iera
366 3489 430 3570 erat
457 3490 491 3544 ut
517 3486 633 3544 omnino
660 3488 828 3564 negligeret
854 3489 911 3546 hoc
927 3488 995 3563 jns,
1021 3493 1055 3548 ut
1081 3487 1180 3548 verbis
1201 3492 1269 3546 utar
1290 3492 1364 3547 Sta-

273 3584 365 3662 tii⁵):
390 3591 545 3664 „sanemur
570 3587 664 3664 legati
689 3590 806 3663 popidis
832 3603 886 3663 per
912 3591 1015 3649 secula
1040 3588 1175 3650 nomen“.
1213 3592 1273 3650 lex
1293 3589 1365 3662 jure

340 3785 369 3853 t)
385 3787 510 3840 Discern
525 3788 559 3854 ll,
577 3788 621 3842 lo.

339 3906 370 3967 2)
385 3905 505 3958 Niebuhr
521 3905 554 3956 u.
570 3904 617 3956 111.
633 3920 659 3971 p.
674 3904 739 3958 ott.

341 4019 371 4088 8)
388 4021 544 4075 bacinnum
565 4021 600 4074 de
617 4024 736 4077 lontibus
753 4021 893 4078 unusne.
909 4023 981 4079 bivii
997 4033 1094 4076 comm.
1111 4021 1145 4074 ll.
1161 4035 1188 4088 p
1199 4023 1228 4074 d.

342 4137 374 4204 4)
396 4139 508 4192 olcocr.
530 4141 659 4206 Excerpt.
682 4142 730 4194 lto.
746 4141 870 4194 xxviii.
891 4143 933 4192 ln:
961 4137 1030 4206 Majl
1053 4139 1185 4204 scriptor.
1210 4143 1267 4192 vei.
1289 4149 1365 4193 nova

276 4223 385 4278 collect
403 4223 436 4276 Τ.
454 4225 487 4275 n.
504 4238 531 4289 p.
547 4226 594 4277 w.
611 4228 648 4279 oi.
665 4226 799 4281 deleted
815 4226 874 4280 clo.
890 4224 926 4276 de
943 4221 1089 4290 or.1‚1a.
1107 4224 1141 4280 1⁸.
1158 4225 1179 4276 l.
1197 4238 1228 4308 p..
1241 4225 1291 4278 cs.

341 4321 373 4390 o)
392 4324 477 4379 dieb.
490 4323 525 4393 ll,
539 4324 604 4379 40⁰.
