2960 5142
168 331 342 404 '46

377 493 507 577 lirinus
532 483 631 574 autem
651 510 851 576 Romanorum
876 507 909 574 lu
935 503 1039 573 hostes
1066 517 1097 573 et
1113 513 1165 591 jus
1185 513 1256 575 b'eili
1278 513 1399 592 optime

286 617 480 692 cognoscitur
500 615 533 677 lu
554 615 824 693 nppnqnmtontnm
845 615 974 676 urbium.
1016 617 1199 691 Saepissime
1219 620 1310 679 nrbes
1330 621 1391 680 iu·
1467 623 1468 626 ’

286 735 399 778 censae
421 724 451 777 et
472 707 588 777 dunno
609 718 719 796 suntl)
741 735 778 777 ea
798 717 925 778 maxime
946 717 984 776 de
1005 733 1156 778 causaue
1176 721 1308 796 hostium
1328 725 1395 780 ile-

285 825 355 880 rent
374 803 613 897 receptacula2),
633 835 691 878 nec
711 836 778 878 raro
799 835 901 878 omnes
920 819 1056 880 homines
1077 821 1193 895 oppidis
1216 823 1313 894 eaptls
1335 823 1394 881 iu-

287 922 409 981 terleeti
434 919 554 997 senti).
581 949 583 952 ·
605 922 748 995 Polybius
756 921 789 997 ⁴)
816 937 925 980 morem
958 921 1055 978 inisse
1080 917 1392 983 ¹dicltfltomanornnr

288 1028 323 1083 ut
344 1023 453 1100 duces,
478 1023 552 1086 urbe
580 1027 682 1097 capta,
707 1023 817 1081 milites
844 1022 877 1082 in
900 1023 1065 1095 'oppidanos
1087 1023 1278 1080 immitterent
1298 1030 1335 1080 ut
1356 1025 1388 1083 in

287 1141 480 1198 quoscunque
506 1123 684 1184 incidissent
707 1157 752 1169 ·-
778 1139 880 1182 omues
906 1123 1123 1198 interficerent,
1155 1137 1212 1198 quo
1244 1127 1392 1184 terrorem

287 1219 445 1300 injicerent
471 1226 540 1283 aliis
567 1226 694 1284 neminis
715 1226 858 1284 ltomauls
885 1241 922 1282 ac
944 1239 1034 1298 saepe
1055 1239 1114 1282 uon
1134 1225 1230 1282 solum
1251 1225 1393 1284 homines
1453 1242 1455 1246 ·

286 1327 384 1386 occidi
417 1328 472 1384 sed
499 1344 589 1385 eones
615 1332 645 1385 et
674 1331 774 1385 cetera
799 1314 989 1400 animaliab).
1043 1327 1092 1385 lix
1118 1325 1240 1384 arbitrio
1267 1329 1392 1386 omniuo
1466 1337 1468 1360 ⁴

287 1429 412 1486 victoris
432 1429 580 1502 pendebat
600 1427 710 1487 civium
733 1433 884 1501 captarum
904 1427 1021 1484 urbium
1041 1441 1123 1503 sors,
1149 1441 1208 1484 nou
1229 1427 1328 1487 solum
1350 1447 1391 1488 ex

286 1533 486 1591 Romanorum
513 1529 567 1587 sed
595 1531 723 1588 omnium
749 1528 936 1603 antiquarum
960 1511 1096 1603 gentium
1121 1527 1263 1604 sensui).
1312 1531 1390 1588 Ple·

286 1641 410 1704 rumque
438 1636 536 1689 tamen
556 1633 636 1705 apud
656 1633 821 1706 Romanos,
849 1645 923 1703 quos
949 1627 1022 1687 belll
1049 1629 1151 1686 clades
1171 1628 1203 1685 ln
1225 1645 1388 1706 expugna-

286 1735 371 1792 tione
396 1732 479 1792 urbis
513 1749 572 1790 non
604 1733 790 1791 absumserat
815 1746 874 1788 non
900 1727 1052 1786 interiecti
1080 1727 1134 1786 sed
1162 1729 1285 1806 servi⁷)
1309 1733 1384 1790 recti

286 1840 372 1912 sunt,
399 1834 443 1891 lta
463 1833 541 1890 enim
562 1833 659 1908 magis
680 1832 805 1891 utilitati
825 1847 899 1889 suae
919 1827 1142 1904 prospiciebant
1164 1831 1340 1908 Romaul⁸b

322 1985 323 1990 ,
370 1935 533 2008 Dionysius
541 1933 573 2009 ⁹)
601 1933 689 1990 docet
713 1949 799 2006 quam
827 1918 933 2007 legem¹
953 1931 1178 1991 observaverint
1198 1934 1327 1991 Romani
1350 1933 1382 1992 ln

285 2025 404 2098 turbium
432 2035 718 2110 expugnationibus,
746 2033 820 2090 dicit
845 2033 1118 2093 enlm·Latinornm
1142 2035 1233 2091 urbes
1253 2036 1387 2094 nonnul-
1467 2075 1468 2104 .

286 2140 333 2197 las
361 2155 396 2195 se
421 2137 588 2210 dedidisse,
616 2135 694 2208 qnod
720 2135 857 2220 viderent
882 2131 973 2189 urbes
1000 2133 1142 2206 pervim
1168 2139 1271 2208 captas
1300 2139 1386 2210 sequi

288 2239 400 2298 civium
425 2238 599 2296 servitutem
621 2242 650 2294 et
676 2237 808 2309 ipsarum
827 2234 1029 2309 eversionem,
1055 2237 1087 2291 at
1113 2235 1188 2311 illis,
1217 2237 1269 2308 qni
1297 2237 1388 2295 certis

287 2340 511 2401 condicionibus
538 2355 573 2396 se
600 2338 753 2396 dedissent
773 2335 844 2412 cogi
865 2335 983 2410 quidem
1004 2335 1128 2394 victoris
1148 2337 1272 2413 imperio
1294 2355 1387 2420 pare-

354 2566 1378 2642 mmmmmmmmnmmnmmmm

287 2655 832 2723 ommmmmvmma

354 2717 1345 2824 smmmmmummmmmmmmma

357 2839 1044 2912 mmmmmmmmnmm

356 2931 388 2991 4)
406 2932 441 2996 Χ,
458 2930 501 2982 15.

360 3037 390 3095 ὁ)
406 3033 533 3083 Fuerunt
547 3027 593 3091 qul
610 3027 698 3079 seculi
714 3027 876 3090 Dionysium
895 3025 940 3089 (ll,
958 3023 1004 3088 16)
1016 3024 1195 3074 restituerent
1207 3022 1295 3074 verba
1311 3021 1384 3088 lepte

288 3117 408 3173 Romuli
425 3115 460 3164 rie
472 3111 628 3179 puberibus
645 3114 678 3162 in
694 3110 766 3162 urbe
784 3110 951 3174 empaqrnota
964 3119 1021 3154 non
1034 3104 1207 3165 occidendis.
1240 3107 1298 3157 Sed
1313 3107 1387 3159 bene

291 3204 383 3254 docuit
394 3195 677 3262 Dirirseu(versucbe
688 3195 842 3247 zurliritik
856 3200 907 3245 eto.
927 3207 952 3256 p.
963 3187 1092 3253 dilsdq.)
1108 3189 1303 3254 distinguenda
1322 3204 1388 3242 esse

289 3288 414 3338 instituta
426 3294 523 3349 regum
535 3294 553 3334 a
565 3284 681 3348 legibus.
716 3280 795 3340 Quod
806 3278 983 3330 eutenrlliou.
998 3275 1078 3324 tradit
1090 3287 1107 3324 a
1121 3275 1237 3324 Romulo
1253 3275 1310 3323 tale
1321 3276 1389 3338 qnid

289 3371 444 3424 institutum
459 3380 532 3432 esse,
548 3380 604 3417 uon
616 3367 729 3418 multum
743 3367 827 3429 valet,
835 3365 947 3413 ‘seimus
959 3360 1030 3409 enim
1041 3359 1113 3408 lune
1126 3359 1290 3420 scriptorem
1302 3361 1391 3410 ulrnia

290 3463 419 3506 veterum
434 3453 620 3504 Rornanorum
633 3449 840 3516 praedicatione
851 3446 946 3509 primis
956 3443 1068 3507 regibus
1083 3443 1162 3494 Urbis
1174 3442 1321 3492 innumera
1335 3445 1390 3494 ob·

290 3537 411 3592 trudissc
430 3549 501 3600 quae
512 3548 648 3599 nunqnam
659 3535 780 3586 iderunt.
820 3532 882 3582 Nou
893 3528 1061 3579 exercebant
1074 3525 1179 3592 quidem
1193 3525 1310 3574 Romani
1321 3529 1389 3578 uul-

290 3637 346 3689 que
366 3633 497 3673 severum
510 3617 562 3688 jus
580 3621 659 3687 belli,
680 3620 731 3671 sed
748 3619 782 3669 de
793 3618 873 3682 lege,
897 3619 968 3678 quus
981 3613 1034 3665 boc
1046 3613 1169 3675 vetaret,
1185 3619 1241 3660 nou
1254 3611 1401 3678 cogitau-v

288 3710 353 3762 duur
367 3711 423 3760 cst.

296 3787 1230 3874 'mmmmmwmmmmmmmzm

358 3892 388 3958 7)
407 3895 475 3942 liam
496 3892 531 3942 ob
549 3902 662 3941 carneam
674 3893 785 3940 veteres
797 3883 855 3937 icti
867 3895 968 3934 aereos
987 3881 1078 3932 dictos
1097 3891 1163 3930 esse
1174 3878 1288 3938 volunt,
1312 3875 1390 3942 quod

288 3979 318 4030 in
336 3979 409 4030 bello
428 3976 534 4028 servati
552 3977 613 4024 elul.
631 3971 655 4037 5.
667 3973 693 4022 a.
704 3973 731 4024 J.
748 3969 783 4021 de
797 3965 864 4034 jure
876 3977 986 4032 person.
999 3957 1085 4030 (1,,3)
1103 3961 1122 4012 i.
1138 3963 1202 4010 28⁰.
1222 3957 1244 4024 b.
1263 3961 1279 4011 1
1298 3962 1335 4014 Ι).
1354 3964 1390 4014 ne

289 4065 324 4116 V.
342 4067 370 4114 Ι.
390 4059 447 4128 (³0,
463 4057 520 4123 id).
539 4059 575 4111 ei:
592 4058 673 4124 Ilugo
690 4055 769 4128 (iret.
785 4053 833 4126 lli,
851 4052 878 4116 7,
893 4054 920 4101 n.
958 4047 1036 4098 iuter
1055 4043 1227 4095 recentiores
1243 4043 1297 4098 boc
1317 4052 1387 4114 ety-

290 4159 356 4204 mon
370 4147 470 4212 pronao
483 4143 729 4196 delibera-licaeo
742 4135 821 4203 (tiber
832 4133 986 4186 Deminlum
1003 4144 1028 4194 p.
1042 4123 1095 4190 la).

357 4229 387 4294 8)
405 4231 467 4281 Liv.
484 4228 518 4292 11,
536 4226 582 4280 17.
599 4225 645 4292 lV,
661 4223 706 4280 34,
724 4225 757 4287 V,
773 4224 817 4274 22.
833 4215 936 4282 xxiv,
951 4214 998 4268 42.
1015 4210 1088 4276 XM,
1105 4209 1148 4266 ii.
1186 4212 1267 4268 Dion.
1283 4211 1318 4266 n.
1336 4212 1386 4280 in,

271 4303 879 4394 ⁸dommuccensem

357 4395 516 4465 mmm
