2958 5162
120 1126 248 1260 Quem
282 1175 360 1246 uiui
394 1175 512 1269 oneri,
543 1171 605 1246 vir
629 1174 891 1268 numanasrme,
912 1173 1071 1262 Juvenum
1096 1171 1221 1242 raucas
1352 1193 1357 1206 ’

122 1299 261 1367 fructum
282 1315 384 1385 spero
406 1297 479 1365 sore
499 1303 536 1365 ut
551 1295 712 1366 benevolo
725 1295 832 1365 animo
846 1295 1003 1385 accipias,
1024 1293 1220 1382 saepissime

118 1401 208 1486 enim
228 1422 391 1508 expertus
417 1435 489 1483 sum
508 1415 743 1484 humanitatem
763 1413 871 1484 Tuam
893 1419 928 1488 et
948 1419 1136 1506 paternum,
1157 1432 1220 1504 quo

119 1527 331 1624 amplecteris
362 1533 542 1624 discipudos
570 1535 681 1622 Tuos,
710 1552 863 1602 amorem.
893 1529 1085 1604 ‘Debebam
1111 1538 1222 1608 autem

123 1643 201 1745 'libi
222 1659 340 1722 offerre
360 1653 424 1721 has
438 1651 624 1732 ,studiorum
644 1671 788 1720 meorum
808 1649 980 1744 primitias,
1000 1672 1078 1723 nam
1097 1651 1161 1745 Tu,
1180 1671 1224 1721 ne

118 1775 185 1843 alia
216 1773 467 1841 commemorem
494 1771 569 1838 Tua
595 1773 709 1866 inme
737 1770 872 1860 merita,
900 1775 1014 1842 auctor
1033 1771 1111 1842 mihi
1131 1771 1224 1840 nisti

123 1895 161 1956 ut
182 1891 327 1957 laborem
352 1887 568 1978 susciperem,
588 1882 777 1975 susceptum
797 1887 1000 1975 perficerem.
1044 1886 1224 1962 Cumenim

122 2013 202 2076 ante
229 2005 314 2075 duos
336 2026 442 2075 annos
464 2027 485 2074 a
506 2005 715 2074 collatonlms
736 2005 893 2093 stipendii
914 2003 1111 2079 Schassiani
1132 2011 1220 2080 inter

118 2125 204 2198 alias
224 2125 310 2193 haec
330 2123 502 2215 proposita
522 2129 618 2193 esset
640 2124 789 2212 quaestio
811 2130 847 2191 ut
860 2126 1018 2216 reliquiae
1030 2135 1068 2204 et
1078 2131 1222 2218 vestigia

115 2237 203 2332 juris
223 2245 365 2320 Fetialis
387 2241 608 2312 Romanorum
629 2227 898 2329 conquirerentur
913 2250 948 2312 et
965 2247 1221 2339 explicarentur,

6 2353 8 2364 ’
119 2364 289 2432 alliciebat
316 2367 370 2432 me
398 2358 530 2451 quidem
557 2359 650 2432 haec,
664 2340 827 2451 quaestio,
847 2353 1044 2451 praesertim
1065 2384 1138 2435 cum
1153 2367 1224 2454 iam

119 2483 172 2549 liis
200 2502 244 2550 ex
272 2479 371 2549 simili
404 2475 585 2549 certamine
614 2474 793 2584 praemium
825 2473 1049 2568 reportassem
1083 2483 1145 2552 sed
1179 2506 1223 2556 ne

121 2595 311 2670 deterrerer
327 2596 525 2670 difficultate
546 2605 582 2667 et
601 2597 827 2686 magnitudine
847 2597 971 2668 laboris
990 2599 1218 2676 Tumonuisti.

124 2719 270 2808 Cumque
299 2719 352 2788 Tu
377 2725 414 2786 et
434 2717 553 2808 reliqui
568 2715 720 2809 judices,
740 2716 857 2807 quibus
879 2727 1025 2790 summas
1039 2722 1103 2791 hae
1117 2744 1218 2793 oeca-

125 2839 222 2907 sione
244 2837 356 2905 oblata
374 2837 504 2922 gratim
525 2855 607 2927 ago,
633 2837 765 2938 dignam
780 2837 1000 2924 judicassetis
1021 2848 1224 2912 commentu-

123 2958 246 3024 tionem
266 2973 372 3024 meam
391 2973 476 3042 quae
496 2956 641 3042 praemio
664 2963 852 3047 ornaretur,
873 2958 926 3026 Tu
945 2959 1064 3030 iterum
1085 2963 1223 3033 suasisti

123 3071 201 3140 milri
220 3079 258 3142 ut
277 3077 494 3142 retractarem
516 3091 599 3142 eam·
610 3080 646 3144 et
667 3076 757 3163 typis
771 3076 915 3146 exscribi
929 3093 1087 3160 curarem.
1103 3078 1223 3166 eume

122 3191 236 3258 multa
253 3192 385 3274 correxi
412 3197 448 3260 et
471 3197 577 3274 totum
611 3195 861 3287 transformavi,
887 3195 951 3266 hoe
978 3198 1065 3266 enirn
1098 3219 1223 3270 neces-

123 3311 244 3378 sarium
265 3328 345 3379 esse
365 3310 451 3378 inter
470 3311 617 3382 laborem
637 3313 869 3400 intelligebam.
916 3316 996 3385 Jam
1022 3317 1121 3405 igitur
1138 3339 1220 3408 pro·

123 3427 172 3496 dit
198 3429 328 3497 libellus
361 3434 486 3498 mutata
516 3431 622 3500 forma
654 3438 770 3524 alque,
807 3427 845 3501 ut
873 3437 1003 3527 opinor,
1034 3441 1221 3514 emendata.

28 3536 30 3540 ’
124 3545 251 3632 Quodsi
273 3567 293 3618 e
314 3547 513 3636 reipublicae
533 3551 703 3620 literariae
725 3553 863 3642 civibus,
884 3555 939 3642 qui
950 3553 1072 3626 habent
1081 3559 1139 3644 jus
1150 3562 1223 3630 sui-

126 3667 318 3758 fragiorum,
344 3666 495 3736 similiter
522 3673 621 3760 atque
648 3671 683 3740 in
709 3671 821 3760 priore
847 3693 920 3742 mea
941 3677 1152 3750 contentione
1172 3681 1227 3750 fa·

126 3791 213 3853 etum
234 3792 306 3877 eat,
335 3805 400 3879 non
423 3785 562 3855 deerunt
573 3789 651 3857 mihi
661 3794 906 3885 suffragatores,
925 3792 1033 3864 laetus
1042 3815 1225 3888 persequar
1324 3795 1325 3800 ’

125 3905 232 3996 uam,
253 3925 349 3994 quam
369 3906 541 3994 ingressus
562 3928 634 3976 sum
659 3926 796 3997 eamque
817 3910 997 3982 doctrinam
1026 3934 1122 4003 quam
1142 3939 1224 4007 prae

127 4024 249 4091 ceteris
269 4024 348 4093 milri
368 4025 473 4116 elegi,
492 4045 553 4115 pro
573 4027 663 4096 virili
683 4035 779 4116 parte
800 4030 913 4100 colam
956 4032 1043 4102 Nam
1066 4035 1227 4108 historiae

126 4142 419 4233 antiquitatumque
461 4145 682 4214 Romanarum
728 4148 870 4218 studium
904 4151 1061 4239 imprimis
1091 4173 1226 4244 semper

127 4283 180 4330 me
214 4261 337 4330 allexit
358 4264 454 4352 eique
480 4270 518 4344 ut
544 4271 647 4333 totum
674 4283 727 4336 me
757 4266 911 4338 dederam
933 4269 1006 4338 Tua
1025 4257 1227 4360 potissimum

128 4381 216 4451 tacta
245 4388 301 4450 est
328 4380 577 4476 adhortatione,
607 4385 662 4474 qui
684 4375 817 4456 solebas
836 4391 1032 4479 praecipere
1053 4391 1227 4482 philologis
