2960 5142
250 351 279 424 Θ

182 569 198 606 0-
231 531 352 607 *qualis
372 525 533 609 apparabat
558 527 638 592 inter
658 535 837 624 Graecoset
861 525 1013 599 barbaros.
1055 533 1255 596 Vehementer
1274 553 1348 598 sana

253 635 416 694 offenderet
441 635 528 694 homo
556 638 689 695 Graecus
715 639 747 696 in
773 640 873 697 verbis
896 636 1089 712 ciceronis1)
1115 638 1166 710 qui
1187 639 1262 698 dieit
1281 644 1348 700 lto-

253 737 365 798 mulum
392 739 543 812 sapienter
570 738 708 797 docuisse
737 731 825 798 etiam
858 741 994 798 hostibus
1028 737 1207 812 recipiendis
1242 743 1348 817 augeri

196 898 199 914 ζ
253 840 417 900 Romanam
438 839 589 896 civitatem
610 846 744 913 oportere
765 858 862 914 neque
879 859 946 898 esse
962 842 1052 898 ullam
1071 845 1188 916 gentem
1210 845 1347 900 exomni

189 913 209 1026 ,Ἰ
252 940 378 1018 regione
403 945 547 998 terrarum
572 945 631 999 tam
660 942 852 1000 dissidentem
875 960 893 998 a
922 943 1030 1015 populo
1051 945 1197 1018 Romano,
1225 959 1263 1001 ex
1289 960 1347 1015 qua

203 1027 206 1036 ’
254 1057 315 1100 nou
336 1043 440 1100 venire
460 1046 583 1116 possent
609 1043 742 1102 homines
764 1047 802 1102 ad
824 1046 975 1102 civitatem
996 1046 1167 1102 Romanam.
1208 1046 1347 1102 Attamen

254 1143 360 1216 prooul
380 1148 507 1219 erraret,
530 1145 557 1202 si
589 1145 656 1218 quis
678 1148 843 1222 Romanis,
866 1148 916 1220 qui
944 1151 1004 1202 tam
1030 1146 1137 1217 cupide
1159 1144 1295 1202 instituta
1320 1148 1353 1200 et

254 1255 353 1304 mores
380 1246 603 1321 peregrinorum
629 1247 819 1308 imitabantur
827 1248 859 1323 ²)
894 1249 1003 1321 quique
1036 1251 1080 1304 tot
1104 1247 1278 1321 peregrinos
1313 1245 1351 1301 ati

254 1345 407 1402 civitatem
440 1347 602 1404 Romanam
635 1350 738 1405 venire
766 1350 839 1406 utile
878 1350 1053 1423 eredebant,
1081 1348 1223 1405 minorem
1256 1347 1352 1405 fuisse

254 1450 374 1519 putaret
401 1447 595 1506 differentiam
618 1455 648 1507 et
676 1452 890 1523 oppositionem
915 1452 994 1507 inter
1018 1450 1113 1506 oivem
1133 1451 1298 1507 Romanum
1322 1451 1353 1504 et

255 1549 464 1625 peregrinum,
487 1567 574 1630 quam
596 1568 672 1623 qnae
694 1558 759 1609 erat
780 1554 858 1609 inter
880 1555 1011 1610 Graecos
1034 1555 1064 1608 et
1082 1552 1231 1609 barbaros.
1261 1553 1353 1608 Clee-

256 1647 332 1723 ro³)
362 1651 464 1708 eodem
492 1655 605 1710 ordinev
629 1656 700 1713 sibi.
715 1655 836 1726 opponit
870 1657 967 1710 eivem
996 1659 1026 1710 et
1059 1652 1265 1727 peregrinum,
1295 1667 1354 1722 quo

256 1751 383 1809 liberum
402 1754 551 1812 hominem
574 1761 604 1812 et
624 1772 751 1813 sermm.
795 1759 911 1824 Quanta
932 1756 1010 1813 enim
1031 1756 1109 1812 oona
1130 1752 1256 1810 Romani
1277 1767 1354 1809 oon-

256 1851 346 1910 tineri
367 1855 510 1926 putabant
535 1859 666 1916 florentis
686 1858 870 1930 reipublicae
897 1862 1028 1930 tempore
1047 1855 1165 1913 nomine
1189 1854 1266 1911 aivis
1287 1855 1355 1910 Ro-

254 1953 353 2029 mani,
376 1961 543 2029 quantoque
564 1961 675 2015 distare
697 1975 716 2013 a
737 1959 803 2016 eive
825 1961 1024 2031 peregrinum.
1046 1960 1149 2029 Atque
1170 1956 1198 2012 si
1216 1954 1356 2028 regredi-

258 2071 325 2114 mur
350 2057 389 2113 ad
415 2046 537 2130 antiqua
564 2061 653 2118 Urbis
682 2066 828 2134 tempora,
858 2061 978 2131 antiquo
1007 2073 1141 2114 sermone
1169 2057 1268 2112 nostes
1296 2055 1358 2113 urei

257 2156 396 2218 videmus
426 2175 479 2232 pro
508 2161 731 2236 permansi),
759 2178 846 2237 quem
875 2177 961 2217 usum
989 2161 1067 2216 hano
1093 2174 1215 2215 eausam
1247 2158 1358 2214 habere

259 2257 369 2316 Festus
379 2259 412 2337 ⁵)
428 2263 515 2336 dicit,
538 2264 614 2334 quod
634 2264 833 2336 antiquissimi
854 2261 980 2320 Romani
1000 2260 1098 2317 omnia
1115 2259 1186 2332 jura
1206 2263 1238 2316 et
1260 2260 1356 2332 quod-

261 2373 378 2432 eunque
404 2365 462 2421 sibi
489 2365 604 2420 licitum
630 2369 768 2437 putarent
789 2365 820 2419 in
842 2362 1017 2436 peregrinos
1024 2403 1033 2436 ,
1055 2361 1173 2433 aequali
1199 2361 1285 2418 modo
1307 2359 1356 2416 his

260 2462 474 2539 somniarent,
505 2467 619 2522 tostire
647 2466 725 2521 enim
752 2465 872 2534 antiquo
899 2477 1034 2519 sermone
1061 2463 1191 2534 positum
1214 2477 1281 2518 esse
1303 2475 1356 2533 pro

261 2577 405 2636 aequore.
447 2568 531 2624 Haeo
552 2568 635 2622 Festi
663 2566 821 2638 explicatio
850 2564 961 2620 firmari
988 2563 1107 2619 videtur
1130 2564 1359 2638 loeoliigesto-

261 2659 384 2742 sumti),
414 2668 465 2738 qui
494 2668 571 2724 idem
598 2673 703 2740 postea
730 2669 880 2744 Romanos
904 2665 1039 2721 sensisse
1069 2663 1164 2720 doeet
1207 2665 1267 2723 Sed
1294 2680 1359 2722 eam

263 2779 380 2838 quoque
402 2783 521 2825 oausam
544 2769 643 2826 dioere
664 2783 840 2841 possumus,
862 2767 939 2838 quod
961 2766 1049 2838 primi
1070 2766 1154 2822 urbis
1173 2768 1286 2823 Romae
1307 2768 1358 2823 in-

264 2867 349 2924 oolae
370 2873 401 2924 et
418 2871 511 2926 vieini
533 2885 649 2942 semper
673 2869 801 2926 invicem
823 2883 856 2924 se
873 2869 1066 2941 infestarent,
1088 2866 1153 2922 veri
1170 2867 1264 2940 igitur
1278 2884 1362 2924 sem-

263 2983 319 3040 per
359 2969 461 3026 hostes
496 2976 598 3029 essent
612 2970 652 3044 ἵ).
700 2970 901 3028 Nihilominus
940 2968 1066 3026 Romani
1103 2967 1262 3039 soriptores
1299 2981 1359 3023 non

265 3069 351 3131 modo
375 3071 453 3144 jun's
471 3072 525 3134 sed
551 3072 710 3148 historiae,
732 3071 853 3144 quires
880 3069 1018 3142 antiquas
1038 3067 1130 3126 Urbis
1150 3069 1236 3130 nobis
1262 3067 1361 3125 tradi·
1440 3079 1443 3091 ·

336 3253 365 3319 1)
398 3268 449 3320 pro
466 3258 551 3311 Balbo
570 3258 612 3309 io.

335 3355 365 3420 2)
400 3359 515 3408 sauust.
534 3357 615 3410 Catii.
641 3359 694 3422 ei,
708 3359 752 3412 37.

336 3454 367 3520 8)
402 3457 716 3527 deorat1,38,1ro.

336 3573 368 3639 4)
386 3575 478 3626 Varro
495 3577 529 3626 de
547 3577 564 3625 1.
577 3577 596 3625 l.
614 3577 648 3628 V.
668 3574 690 3640 ξ.
703 3580 735 3626 a:
757 3576 844 3648 monta
855 3574 941 3624 verba
955 3574 1029 3624 alind
1041 3581 1112 3622 nune
1127 3567 1276 3618 ostendunt
1287 3565 1362 3617 aliud

271 3662 337 3712 ante
354 3661 545 3726 significabant
562 3665 594 3710 ut
611 3659 712 3724 inette,
725 3673 787 3710 nam
805 3665 861 3710 tum
879 3672 913 3710 eo
932 3659 1016 3709 verbo
1034 3657 1160 3706 dicebant
1177 3654 1364 3716 peregrinum,

271 3747 318 3808 qui
335 3747 394 3796 suis
412 3745 518 3810 iegibus
536 3750 673 3810 uteretur,
692 3757 764 3796 nuno
782 3746 874 3794 dieunt
891 3755 953 3797 eum
980 3755 1059 3806 quem
1077 3745 1133 3791 tum
1151 3737 1279 3789 dicebant
1296 3749 1363 3800 per-

176 3817 178 3822 '
271 3829 397 3879 uneuem.
422 3831 458 3880 cr.
483 3829 668 3879 Plautum.
697 3830 719 3894 1,
736 3831 763 3892 a,
781 3831 823 3878 oe.
854 3828 963 3880 curcur.
986 3827 1008 3892 1,
1034 3826 1061 3888 1,
1078 3827 1104 3874 a.
1142 3820 1202 3873 cuc.
1222 3823 1255 3870 oe
1277 3819 1323 3868 or.
1341 3819 1364 3885 r,

273 3913 318 3978 12,
334 3915 378 3968 37.
402 3912 498 3970 Dousa
515 3912 604 3968 Plaut.
623 3914 776 3977 Explanatt
793 3913 902 3986 lv,.21.
926 3914 1007 3964 Beier
1023 3920 1133 3964 excute.
1156 3907 1234 3972 xiii,
1251 3904 1288 3954 ad
1305 3903 1362 3955 cio.

272 3996 306 4046 do
324 3997 396 4048 ostie.
422 3998 499 4048 uom.
519 3999 543 4050 1.
568 4013 595 4062 p.
615 3999 676 4049 846.
694 4011 753 4062 sqq.

340 4112 370 4177 o)
403 4127 428 4166 ι.
445 4128 473 4165 v.
491 4118 582 4167 status
601 4115 669 4167 dies.
686 4129 712 4179 p.
729 4115 791 4167 249.
810 4115 866 4177 (ed.
884 4114 1019 4170 Lindon.)

341 4234 371 4292 a)
405 4233 425 4284 1.
442 4235 469 4283 a.
487 4229 509 4296 i.
526 4233 552 4286 2·
567 4235 601 4285 D.
620 4233 656 4284 de
674 4237 775 4300 captiv.
793 4233 923 4298 (41115.)
954 4228 993 4280 oi.
1010 4225 1122 4278 Walter
1141 4227 1239 4280 (lason.
1263 4226 1313 4280 des
1330 4227 1363 4276 B.

271 4314 452 4381 Rham

342 4417 371 4481 7)
397 4421 542 4472 Buttmann
558 4415 628 4469 uoer
646 4417 799 4469 nonianus
816 4419 858 4468 ins
876 4413 1052 4480 mythologiis
1069 4413 1147 4468 'lom
1165 4414 1199 4474 11,
1218 4428 1245 4477 p.
1261 4415 1306 4462 85.
1324 4425 1365 4475 aq.
