2960 5142
274 301 327 382 18

271 505 365 552 sensu
385 488 548 566 accepisse.
589 487 741 550 Permulta
761 495 876 568 antem,
905 503 982 565 qnae
1008 486 1047 548 ab
1075 485 1212 550 omnibus
1233 487 1375 568 gentibus

271 599 402 670 recepta,
425 608 560 668 quaeque
577 593 656 667 Jnris
678 593 814 669 gentium
835 595 913 652 hano
935 583 974 653 ob
993 609 1115 652 causam
1136 609 1207 652 esse
1228 594 1371 654 videren-

270 699 321 755 tur
340 695 501 773 Romanis,
529 709 695 772 congruere
723 711 791 754 cum
816 695 962 753 institutis
991 699 1022 754 et
1047 691 1164 772 regulis
1188 696 1268 771 juris
1290 713 1370 774 gen-

270 799 361 875 tium,
389 798 468 872 quod
488 813 568 855 nunc
588 800 727 874 vocatur,
747 812 808 856 non
829 802 876 856 est
897 797 975 871 qnod
995 798 1144 856 miremur.
1161 855 1166 866 .
1187 800 1272 869 Quae
1293 801 1369 864 enirn

270 901 374 975 populi
399 901 432 959 in
456 899 508 973 ius
535 904 712 972 receperant
738 915 799 962 non
824 900 923 960 minus
951 915 1039 973 quam
1065 915 1115 958 res
1142 901 1292 979 privatas,
1319 917 1367 959 res

269 1003 417 1078 publicas,
436 1001 547 1060 bellum
566 1001 661 1077 igitur
682 1004 713 1059 et
732 1001 858 1059 bellicas
871 1001 1029 1082 actiones,
1050 1003 1235 1077 spectabant.
1275 1003 1364 1061 Gum-

270 1081 330 1180 puo
351 1103 478 1164 Romani
499 1104 531 1162 in
551 1103 601 1161 his
617 1102 696 1178 juris
717 1103 852 1177 partibus
873 1100 924 1162 vel
944 1105 1084 1179 majorem
1103 1104 1367 1179 deprehendissent

270 1205 495 1266 similitudinem
517 1221 604 1279 quam
624 1205 743 1278 injure
762 1203 898 1281 privato,
919 1222 957 1264 ea
974 1208 1025 1265 vel
1044 1207 1173 1265 maxime
1190 1205 1267 1281 juris
1287 1213 1369 1282 'gen-

269 1310 344 1368 tium
369 1308 411 1366 iis
440 1308 538 1366 fuisse
565 1311 797 1366 consentaneum
813 1305 921 1381 ·est¹).
972 1309 1039 1366 Nec
1059 1313 1158 1367 tamen
1178 1322 1307 1381 unquam
1327 1307 1366 1365 iis

269 1411 303 1470 in
323 1414 450 1469 mentem
470 1408 570 1484 venit,
590 1407 663 1465 talia
684 1407 721 1465 ab
743 1409 836 1466 altero
856 1408 966 1483 populo
987 1410 1125 1469 instituta
1145 1427 1214 1468 esse
1236 1425 1273 1468 eo
1294 1425 1369 1467 eon-

269 1513 340 1574 silio
367 1515 402 1570 ut
428 1511 553 1568 alterius
580 1510 682 1583 populi
708 1510 786 1569 ratio
807 1510 977 1588 haberetur,
997 1514 1032 1570 ut
1050 1513 1102 1586 jus
1123 1514 1206 1570 esset
1225 1515 1370 1587 mutuum,

269 1611 330 1673 sibi
358 1613 437 1671 enim
471 1629 509 1670 ea
536 1612 730 1671 constituisse
757 1611 936 1671 videbantur
968 1615 1081 1689 populi.
1135 1614 1180 1674 Si.
1197 1615 1372 1686 quaesivis-

268 1719 338 1774 sent
358 1730 479 1774 causam
500 1711 714 1789 similitudinis,
735 1713 774 1770 ad
794 1715 889 1772 solam
907 1715 1049 1788 pietatem
1071 1719 1102 1773 et
1120 1705 1297 1792 religionem
1318 1732 1373 1774 er-

269 1833 312 1894 ga
331 1819 412 1877 Deos
433 1817 500 1874 sine
521 1814 610 1873 dublo
630 1815 758 1888 plurima
777 1817 967 1893 retulissent,
995 1833 1064 1875 nam
1084 1819 1117 1876 in
1139 1820 1222 1877 cultu
1241 1820 1373 1878 Deorum

269 1916 413 1978 simillimi
441 1921 527 1976 erant
546 1916 674 1975 Romani
702 1921 733 1974 et
757 1917 878 1990 plurimi
903 1919 1078 1992 populorum
1099 1921 1217 1978 ltaliae.
1272 1925 1371 1993 Quare

270 2018 476 2078 sacerdotibus
498 2015 699 2095 (Fetialibns)
721 2019 880 2092 commissa
906 2023 971 2076 mat
991 2034 1065 2077 cura
1086 2022 1322 2082 ceremoniarum
1343 2029 1374 2082 et

268 2121 380 2180 rituum
405 2120 478 2181 belli
506 2123 537 2178 et
561 2120 717 2178 foederum
736 2134 797 2178 non
817 2121 913 2179 solum
934 2137 954 2177 a
973 2121 1117 2180 Romanis
1139 2119 1195 2180 sed
1215 2126 1296 2198 apud
1318 2143 1372 2184 ce-

269 2228 351 2282 teros
376 2223 484 2282 ltaliae
510 2221 636 2295 populos
663 2221 791 2296 ideoque
817 2221 850 2279 in
866 2219 954 2297 'ipsis
977 2224 1114 2282 formans
1135 2226 1320 2288 solemnibus
1342 2229 1373 2286 in

268 2325 402 2402 negotiis
413 2323 531 2385 bellicis
544 2323 703 2399 adhibitis,
723 2325 871 2382 internam
881 2326 1029 2398 quandam
1041 2325 1103 2383 vim
1115 2330 1146 2384 et
1159 2322 1374 2405 obligationem

268 2429 371 2486 inesse
399 2427 567 2485 credebant.
615 2423 704 2484 ilaud
723 2424 836 2499 injuria
856 2426 952 2500 igitur
973 2429 1153 2487 contendere
1174 2432 1262 2490 nobis
1282 2433 1372 2490 vide-

269 2546 336 2588 mur
356 2532 506 2589 Romanos
527 2527 730 2602 imprudentes
752 2526 805 2600 jus
826 2527 962 2603 gentium
983 2521 1115 2596 colurisse
1135 2549 1194 2592 nec
1216 2534 1275 2594 sibi
1295 2551 1371 2594 con·
1460 2526 1461 2538 ¹

269 2632 351 2690 scios
378 2630 497 2704 quidem
532 2629 629 2688 ruisse
655 2629 842 2689 intercedere
868 2630 948 2688 inter
978 2631 1121 2706 populum
1146 2635 1309 2695 Romanum
1337 2640 1369 2693 et

270 2738 387 2791 ceteras
413 2737 521 2808 gentes
545 2733 624 2805 iuris
651 2731 746 2792 mutui
774 2731 928 2790 vinculum
954 2733 1008 2790 sed
1036 2735 1129 2794 tacite
1155 2755 1208 2797 eos
1234 2737 1366 2795 certain
1464 2761 1465 2766 ¹

269 2837 361 2894 rebus
388 2833 507 2893 bellicis
534 2834 645 2910 agendi
664 2834 780 2893 ratione
801 2835 965 2911 agnovisse
985 2837 1046 2895 tale
1066 2835 1220 2898 vinculum
1239 2845 1270 2900 et
1290 2839 1371 2914 quod
1465 2831 1466 2850 ¹

269 2943 338 2995 cum
369 2953 405 2994 eo
433 2937 588 3011 cohaeret,
625 2952 726 2995 curam
754 2952 807 2996 eos
839 2937 984 2996 habuisse
1014 2938 1094 3013 juris
1119 2943 1190 3001 belli
1217 2947 1249 2998 et
1274 2942 1372 3018 pacis,
1465 2931 1466 2944 ¹

270 3053 348 3111 quae
369 3040 416 3095 est
435 3039 590 3111 potissima
606 3037 684 3110 jnris
705 3035 841 3114 gentium
860 3040 981 3116 parsi).
1023 3039 1102 3100 Nam
1120 3045 1204 3101 firma
1223 3042 1263 3100 iis
1284 3043 1372 3101 iuis-
1465 3043 1466 3050 ’

270 3155 305 3199 se
321 3139 473 3212 principia
501 3143 532 3197 et
552 3141 675 3215 regulas
691 3140 770 3213 jnris
791 3142 863 3202 belli
885 3146 916 3199 et
935 3141 1020 3217 pacis
1042 3143 1074 3202 in
1095 3146 1290 3219 sequentibus
1312 3147 1372 3204 de·-

269 3239 497 3301 monstrabimns
525 3242 672 3314 simulque
698 3242 914 3302 declarabimus
945 3245 1079 3318 conspici
1107 3251 1222 3307 earvel
1241 3249 1374 3306 maxine

269 3343 302 3400 ln
323 3342 459 3400 formulis
481 3343 562 3400 circa
581 3343 704 3420 negotia
724 3343 834 3404 bellica
853 3345 996 3404 adhibitis
1016 3363 1074 3406 nec
1090 3365 1185 3408 vanas
1205 3345 1305 3407 fnisse
1325 3349 1372 3408 il-

269 3442 316 3500 las
337 3444 490 3501 formulas.
537 3445 585 3504 Ne
607 3445 674 3518 quis
694 3444 768 3504 mihi
789 3446 920 3522 objiciat,
940 3449 1117 3523 saepissime
1136 3451 1288 3509 Romanos
1308 3468 1372 3511 non

269 3545 332 3606 nisi
358 3546 396 3603 ad
428 3546 575 3606 fallendos
602 3551 632 3605 et
659 3547 851 3622 decipiendos
879 3549 1014 3612 homines
1041 3551 1216 3612 ceremoniis
1243 3556 1310 3614 sois
1338 3557 1373 3612 et

340 3746 366 3803 1)
384 3747 482 3799 isidor.
501 3745 595 3812 origg.
614 3747 647 3813 V,
668 3751 693 3799 6.
711 3751 746 3800 ef.
765 3759 849 3814 supra
866 3766 893 3817 p.
912 3751 955 3806 ir.

338 3845 368 3910 a)
386 3849 481 3898 hinne
499 3848 606 3912 xxiv,
624 3852 669 3899 33.
688 3863 750 3900 cum
768 3853 855 3917 legati
872 3855 989 3908 Romani
1005 3858 1164 3922 Syracusas
1182 3860 1259 3910 missi
1275 3861 1369 3912 hosti·

270 3931 338 3982 liter
354 3938 448 3983 essent
465 3935 593 3999 tractati,
612 3931 689 3999 „jam
707 3948 762 3986 non
780 3939 862 3989 modo
879 3943 967 4003 pacis,
984 3943 1080 4008 inqiut,
1097 3945 1148 3994 sed
1164 3955 1201 3994 ne
1219 3945 1282 3993 belli
1300 3949 1368 4008 qui·

272 4015 334 4064 dem
346 4013 414 4080 jura
430 4018 532 4068 relicta
549 4016 658 4068 erant.“
692 4020 715 4068 io
733 4021 797 4070 belli
814 4025 899 4086 igitur
911 4021 978 4088 jure
995 4025 1024 4072 id
1040 4027 1181 4088 proticisci
1198 4029 1273 4093 dicit,
1291 4032 1368 4093 qnod

271 4100 382 4161 saepius
404 4097 477 4163 juris
506 4104 625 4164 gentium
656 4116 721 4155 esse
750 4111 900 4170 narratur,
930 4106 1042 4170 legatos
1064 4111 1165 4172 ubique
1189 4117 1266 4163 tutos
1289 4127 1367 4167 esse.

272 4182 348 4233 idem
364 4181 524 4246 xxxviii,
541 4186 586 4236 «io.
606 4185 673 4236 dicit
689 4189 820 4240 Manlium
837 4190 914 4240 nollo
936 4194 1059 4254 gentium
1071 4191 1138 4258 jure
1157 4194 1244 4247 Gallis
1261 4197 1367 4252 bellum

270 4268 399 4318 intulisse
416 4279 477 4318 oum
495 4270 649 4333 neglexerit
666 4272 767 4324 bellurn
791 4278 845 4326 rite
868 4274 1000 4327 indicere.
1036 4278 1105 4329 lielli
1122 4286 1215 4332 autem
1231 4279 1366 4335 indictio-

271 4362 334 4402 nem
349 4355 490 4416 pertinera
507 4361 621 4430 constat
638 4354 736 4424 adjus
753 4359 824 4426 belli,
845 4356 904 4410 cio.
922 4358 957 4411 de
973 4361 1048 4429 legg.
1064 4363 1102 4434 11,
1120 4367 1166 4433 14,
1177 4364 1225 4417 84.
