<?xml version="1.0" encoding="UTF-8"?>
<!DOCTYPE html PUBLIC "-//W3C//DTD XHTML 1.0 Transitional//EN"
    "http://www.w3.org/TR/xhtml1/DTD/xhtml1-transitional.dtd">
<html xmlns="http://www.w3.org/1999/xhtml" xml:lang="en" lang="en">
 <head>
  <title>
</title>
<meta http-equiv="Content-Type" content="text/html;charset=utf-8" />
  <meta name='ocr-system' content='tesseract 3.04.00' />
  <meta name='ocr-capabilities' content='ocr_page ocr_carea ocr_par ocr_line ocrx_word'/>
</head>
<body>
  <div class='ocr_page' id='page_1' title='image "./dejurebellietpa00osengoog_0043.png"; bbox 0 0 2960 5142; ppageno 0'>
   <div class='ocr_carea' id='block_1_1' title="bbox 281 331 335 401">
    <p class='ocr_par' dir='ltr' id='par_1_1' title="bbox 281 331 335 401">
     <span class='ocr_line' id='line_1_1' title="bbox 281 331 335 401; baseline 0.019 -1"><span class='ocrx_word' id='word_1_1' title='bbox 281 331 335 401; x_wconf 80' lang='lat'>36</span> 
     </span>
    </p>
   </div>
   <div class='ocr_carea' id='block_1_2' title="bbox 179 497 1471 3791">
    <p class='ocr_par' dir='ltr' id='par_1_2' title="bbox 179 497 1387 788">
     <span class='ocr_line' id='line_1_2' title="bbox 296 497 1387 583; baseline -0.003 -16"><span class='ocrx_word' id='word_1_2' title='bbox 296 508 402 572; x_wconf 85' lang='lat' dir='ltr'>liarum</span> <span class='ocrx_word' id='word_1_3' title='bbox 428 503 572 566; x_wconf 80' lang='lat' dir='ltr'>Romanis</span> <span class='ocrx_word' id='word_1_4' title='bbox 595 500 750 580; x_wconf 76' lang='lat' dir='ltr'>incognita</span> <span class='ocrx_word' id='word_1_5' title='bbox 774 501 944 578; x_wconf 73' lang='lat' dir='ltr'>rueruntt).</span> <span class='ocrx_word' id='word_1_6' title='bbox 982 497 1194 576; x_wconf 79' lang='lat' dir='ltr'><strong>Antiquissimi</strong></span> <span class='ocrx_word' id='word_1_7' title='bbox 1215 499 1295 583; x_wconf 84' lang='lat' dir='ltr'>enim</span> <span class='ocrx_word' id='word_1_8' title='bbox 1314 503 1387 564; x_wconf 81' lang='lat' dir='ltr'>lto-</span> 
     </span>
     <span class='ocr_line' id='line_1_3' title="bbox 286 585 1384 684; baseline -0.009 -12"><span class='ocrx_word' id='word_1_9' title='bbox 286 591 368 672; x_wconf 82' lang='lat' dir='ltr'>mani</span> <span class='ocrx_word' id='word_1_10' title='bbox 389 623 480 682; x_wconf 80' lang='lat' dir='ltr'><strong>saepe</strong></span> <span class='ocrx_word' id='word_1_11' title='bbox 498 585 657 684; x_wconf 80' lang='lat' dir='ltr'>iatrocinia</span> <span class='ocrx_word' id='word_1_12' title='bbox 677 606 855 664; x_wconf 81' lang='lat' dir='ltr'>exercebant</span> <span class='ocrx_word' id='word_1_13' title='bbox 879 603 1048 662; x_wconf 86' lang='lat' dir='ltr'>invicinus</span> <span class='ocrx_word' id='word_1_14' title='bbox 1073 604 1197 678; x_wconf 90' lang='lat' dir='ltr'>populos</span> <span class='ocrx_word' id='word_1_15' title='bbox 1219 607 1249 660; x_wconf 90' lang='lat' dir='ltr'>et</span> <span class='ocrx_word' id='word_1_16' title='bbox 1270 605 1384 663; x_wconf 78' lang='lat' dir='ltr'><strong>similia</strong></span> 
     </span>
     <span class='ocr_line' id='line_1_4' title="bbox 179 687 1383 788; baseline -0.003 -20"><span class='ocrx_word' id='word_1_17' title='bbox 179 687 183 697; x_wconf 44' lang='lat'>⁵</span> <span class='ocrx_word' id='word_1_18' title='bbox 278 713 325 788; x_wconf 26' lang='lat' dir='ltr'>,ab</span> <span class='ocrx_word' id='word_1_19' title='bbox 346 711 395 768; x_wconf 89' lang='lat' dir='ltr'>his</span> <span class='ocrx_word' id='word_1_20' title='bbox 404 709 601 784; x_wconf 82' lang='lat' dir='ltr'>patiebantur,</span> <span class='ocrx_word' id='word_1_21' title='bbox 621 705 746 780; x_wconf 89' lang='lat' dir='ltr'>injurias</span> <span class='ocrx_word' id='word_1_22' title='bbox 765 705 882 778; x_wconf 90' lang='lat' dir='ltr'>injuriis</span> <span class='ocrx_word' id='word_1_23' title='bbox 904 706 1132 778; x_wconf 76' lang='lat' dir='ltr'>compensabant</span> <span class='ocrx_word' id='word_1_24' title='bbox 1153 708 1184 761; x_wconf 88' lang='lat' dir='ltr'>et</span> <span class='ocrx_word' id='word_1_25' title='bbox 1203 708 1383 784; x_wconf 73' lang='lat' dir='ltr'>aequabant,</span> 
     </span>
    </p>

    <p class='ocr_par' dir='ltr' id='par_1_3' title="bbox 278 787 1469 2292">
     <span class='ocr_line' id='line_1_5' title="bbox 287 787 1381 883; baseline -0.001 -14"><span class='ocrx_word' id='word_1_26' title='bbox 287 827 345 870; x_wconf 89' lang='lat' dir='ltr'>nee</span> <span class='ocrx_word' id='word_1_27' title='bbox 364 827 432 868; x_wconf 91' lang='lat' dir='ltr'>raro</span> <span class='ocrx_word' id='word_1_28' title='bbox 453 809 522 866; x_wconf 84' lang='lat' dir='ltr'>talis</span> <span class='ocrx_word' id='word_1_29' title='bbox 539 810 647 883; x_wconf 91' lang='lat' dir='ltr'>injuria</span> <span class='ocrx_word' id='word_1_30' title='bbox 664 797 735 866; x_wconf 85' lang='lat' dir='ltr'>belii</span> <span class='ocrx_word' id='word_1_31' title='bbox 752 823 843 864; x_wconf 90' lang='lat' dir='ltr'>causa</span> <span class='ocrx_word' id='word_1_32' title='bbox 857 809 920 862; x_wconf 90' lang='lat' dir='ltr'>erat</span> <span class='ocrx_word' id='word_1_33' title='bbox 935 806 988 862; x_wconf 90' lang='lat' dir='ltr'>sed</span> <span class='ocrx_word' id='word_1_34' title='bbox 1001 821 1147 878; x_wconf 90' lang='lat' dir='ltr'>nunquam</span> <span class='ocrx_word' id='word_1_35' title='bbox 1158 787 1242 864; x_wconf 85' lang='lat' dir='ltr'>cives</span> <span class='ocrx_word' id='word_1_36' title='bbox 1252 809 1381 868; x_wconf 82' lang='lat' dir='ltr'>Romani</span> 
     </span>
     <span class='ocr_line' id='line_1_6' title="bbox 280 887 1378 983; baseline -0.005 -11"><span class='ocrx_word' id='word_1_37' title='bbox 280 914 347 972; x_wconf 89' lang='lat' dir='ltr'>sive</span> <span class='ocrx_word' id='word_1_38' title='bbox 359 915 487 972; x_wconf 80' lang='lat' dir='ltr'>Senatus</span> <span class='ocrx_word' id='word_1_39' title='bbox 510 911 575 967; x_wconf 86' lang='lat' dir='ltr'>sive</span> <span class='ocrx_word' id='word_1_40' title='bbox 590 911 692 983; x_wconf 90' lang='lat' dir='ltr'>populi</span> <span class='ocrx_word' id='word_1_41' title='bbox 708 908 774 966; x_wconf 89' lang='lat' dir='ltr'>sive</span> <span class='ocrx_word' id='word_1_42' title='bbox 795 887 1020 982; x_wconf 71' lang='lat' dir='ltr'>magistratuum</span> <span class='ocrx_word' id='word_1_43' title='bbox 1048 908 1223 967; x_wconf 88' lang='lat' dir='ltr'>auctoritate</span> <span class='ocrx_word' id='word_1_44' title='bbox 1245 912 1276 964; x_wconf 91' lang='lat' dir='ltr'>et</span> <span class='ocrx_word' id='word_1_45' title='bbox 1287 907 1378 979; x_wconf 89' lang='lat' dir='ltr'>jussu</span> 
     </span>
     <span class='ocr_line' id='line_1_7' title="bbox 278 1008 1374 1098; baseline -0.006 -26"><span class='ocrx_word' id='word_1_46' title='bbox 278 1012 461 1073; x_wconf 86' lang='lat' dir='ltr'>resarciendi</span> <span class='ocrx_word' id='word_1_47' title='bbox 489 1012 586 1069; x_wconf 89' lang='lat' dir='ltr'>damni</span> <span class='ocrx_word' id='word_1_48' title='bbox 612 1025 705 1067; x_wconf 90' lang='lat' dir='ltr'>causa</span> <span class='ocrx_word' id='word_1_49' title='bbox 734 1023 877 1082; x_wconf 81' lang='lat' dir='ltr'>personas</span> <span class='ocrx_word' id='word_1_50' title='bbox 904 1011 1025 1064; x_wconf 90' lang='lat' dir='ltr'>autres</span> <span class='ocrx_word' id='word_1_51' title='bbox 1045 1008 1374 1098; x_wconf 53' lang='lat' dir='ltr'>peregnnacpiumta</span> 
     </span>
     <span class='ocr_line' id='line_1_8' title="bbox 278 1109 1378 1196; baseline -0.005 -23"><span class='ocrx_word' id='word_1_52' title='bbox 278 1117 455 1192; x_wconf 73' lang='lat' dir='ltr'>retinebant.</span> <span class='ocrx_word' id='word_1_53' title='bbox 507 1113 633 1170; x_wconf 83' lang='lat' dir='ltr'>Romani</span> <span class='ocrx_word' id='word_1_54' title='bbox 645 1111 847 1186; x_wconf 80' lang='lat' dir='ltr'>agnoscebant</span> <span class='ocrx_word' id='word_1_55' title='bbox 862 1109 945 1166; x_wconf 88' lang='lat' dir='ltr'>cives</span> <span class='ocrx_word' id='word_1_56' title='bbox 958 1125 1028 1196; x_wconf 78' lang='lat' dir='ltr'>suos</span> <span class='ocrx_word' id='word_1_57' title='bbox 1040 1111 1078 1165; x_wconf 88' lang='lat' dir='ltr'>ab</span> <span class='ocrx_word' id='word_1_58' title='bbox 1088 1111 1246 1184; x_wconf 76' lang='lat' dir='ltr'>extraneis,</span> <span class='ocrx_word' id='word_1_59' title='bbox 1267 1111 1378 1168; x_wconf 88' lang='lat' dir='ltr'>etiam-</span> 
     </span>
     <span class='ocr_line' id='line_1_9' title="bbox 280 1211 1382 1294; baseline -0.004 -20"><span class='ocrx_word' id='word_1_60' title='bbox 280 1217 309 1294; x_wconf 80' lang='lat' dir='ltr'>si</span> <span class='ocrx_word' id='word_1_61' title='bbox 330 1218 432 1274; x_wconf 89' lang='lat' dir='ltr'>hostes</span> <span class='ocrx_word' id='word_1_62' title='bbox 459 1230 518 1272; x_wconf 91' lang='lat' dir='ltr'>non</span> <span class='ocrx_word' id='word_1_63' title='bbox 540 1216 655 1285; x_wconf 85' lang='lat' dir='ltr'>essent,</span> <span class='ocrx_word' id='word_1_64' title='bbox 682 1213 783 1282; x_wconf 87' lang='lat' dir='ltr'>captos</span> <span class='ocrx_word' id='word_1_65' title='bbox 805 1226 877 1267; x_wconf 86' lang='lat' dir='ltr'>vere</span> <span class='ocrx_word' id='word_1_66' title='bbox 901 1211 1008 1268; x_wconf 90' lang='lat' dir='ltr'>horum</span> <span class='ocrx_word' id='word_1_67' title='bbox 1029 1226 1133 1268; x_wconf 88' lang='lat' dir='ltr'>servos</span> <span class='ocrx_word' id='word_1_68' title='bbox 1154 1227 1222 1270; x_wconf 90' lang='lat' dir='ltr'>esse</span> <span class='ocrx_word' id='word_1_69' title='bbox 1240 1211 1382 1284; x_wconf 84' lang='lat' dir='ltr'>idemque</span> 
     </span>
     <span class='ocr_line' id='line_1_10' title="bbox 280 1312 1383 1389; baseline -0.005 -13"><span class='ocrx_word' id='word_1_70' title='bbox 280 1318 447 1376; x_wconf 87' lang='lat' dir='ltr'>sentiebant</span> <span class='ocrx_word' id='word_1_71' title='bbox 474 1314 570 1389; x_wconf 65' lang='lat' dir='ltr'>anteri</span> <span class='ocrx_word' id='word_1_72' title='bbox 602 1313 640 1369; x_wconf 90' lang='lat' dir='ltr'>de</span> <span class='ocrx_word' id='word_1_73' title='bbox 671 1313 767 1384; x_wconf 87' lang='lat' dir='ltr'>captis</span> <span class='ocrx_word' id='word_1_74' title='bbox 800 1327 838 1368; x_wconf 84' lang='lat' dir='ltr'>ex</span> <span class='ocrx_word' id='word_1_75' title='bbox 869 1312 980 1383; x_wconf 90' lang='lat' dir='ltr'>populo</span> <span class='ocrx_word' id='word_1_76' title='bbox 1005 1313 1147 1368; x_wconf 83' lang='lat' dir='ltr'>Romano.</span> <span class='ocrx_word' id='word_1_77' title='bbox 1197 1314 1289 1370; x_wconf 82' lang='lat' dir='ltr'>Docet</span> <span class='ocrx_word' id='word_1_78' title='bbox 1318 1312 1383 1370; x_wconf 91' lang='lat' dir='ltr'>hoc</span> 
     </span>
     <span class='ocr_line' id='line_1_11' title="bbox 280 1411 1383 1491; baseline -0.005 -13"><span class='ocrx_word' id='word_1_79' title='bbox 280 1414 498 1491; x_wconf 73' lang='lat' dir='ltr'>Pomponius2)</span> <span class='ocrx_word' id='word_1_80' title='bbox 521 1415 569 1472; x_wconf 90' lang='lat' dir='ltr'>his</span> <span class='ocrx_word' id='word_1_81' title='bbox 590 1414 705 1471; x_wconf 83' lang='lat' dir='ltr'>verbis:</span> <span class='ocrx_word' id='word_1_82' title='bbox 733 1413 792 1487; x_wconf 85' lang='lat' dir='ltr'>„In</span> <span class='ocrx_word' id='word_1_83' title='bbox 813 1427 887 1484; x_wconf 87' lang='lat' dir='ltr'>pace</span> <span class='ocrx_word' id='word_1_84' title='bbox 909 1427 1025 1483; x_wconf 89' lang='lat' dir='ltr'>quoque</span> <span class='ocrx_word' id='word_1_85' title='bbox 1045 1411 1258 1484; x_wconf 77' lang='lat' dir='ltr'>postliminium</span> <span class='ocrx_word' id='word_1_86' title='bbox 1278 1412 1383 1472; x_wconf 86' lang='lat' dir='ltr'>datum</span> 
     </span>
     <span class='ocr_line' id='line_1_12' title="bbox 280 1501 1467 1592; baseline -0.002 -18"><span class='ocrx_word' id='word_1_87' title='bbox 280 1501 344 1592; x_wconf 57' lang='lat' dir='ltr'>est}</span> <span class='ocrx_word' id='word_1_88' title='bbox 372 1517 490 1574; x_wconf 89' lang='lat' dir='ltr'>namsi</span> <span class='ocrx_word' id='word_1_89' title='bbox 512 1519 690 1590; x_wconf 81' lang='lat' dir='ltr'>cumgente</span> <span class='ocrx_word' id='word_1_90' title='bbox 712 1509 816 1584; x_wconf 88' lang='lat' dir='ltr'>aliqua</span> <span class='ocrx_word' id='word_1_91' title='bbox 836 1527 933 1586; x_wconf 89' lang='lat' dir='ltr'>neque</span> <span class='ocrx_word' id='word_1_92' title='bbox 955 1513 1128 1588; x_wconf 82' lang='lat' dir='ltr'>amicitiam,</span> <span class='ocrx_word' id='word_1_93' title='bbox 1155 1527 1252 1586; x_wconf 89' lang='lat' dir='ltr'>neque</span> <span class='ocrx_word' id='word_1_94' title='bbox 1273 1515 1383 1588; x_wconf 88' lang='lat' dir='ltr'>hospi·</span> <span class='ocrx_word' id='word_1_95' title='bbox 1466 1503 1467 1590; x_wconf 57' lang='lat'>1</span> 
     </span>
     <span class='ocr_line' id='line_1_13' title="bbox 280 1599 1467 1691; baseline -0.001 -17"><span class='ocrx_word' id='word_1_96' title='bbox 280 1599 354 1675; x_wconf 84' lang='lat' dir='ltr'>tium</span> <span class='ocrx_word' id='word_1_97' title='bbox 375 1633 472 1691; x_wconf 88' lang='lat' dir='ltr'>neque</span> <span class='ocrx_word' id='word_1_98' title='bbox 493 1615 600 1672; x_wconf 81' lang='lat' dir='ltr'>foedus</span> <span class='ocrx_word' id='word_1_99' title='bbox 622 1614 771 1671; x_wconf 83' lang='lat' dir='ltr'>amicitiae</span> <span class='ocrx_word' id='word_1_100' title='bbox 794 1629 888 1671; x_wconf 88' lang='lat' dir='ltr'>causa</span> <span class='ocrx_word' id='word_1_101' title='bbox 909 1617 1023 1671; x_wconf 83' lang='lat' dir='ltr'>iactum</span> <span class='ocrx_word' id='word_1_102' title='bbox 1043 1615 1201 1689; x_wconf 88' lang='lat' dir='ltr'>habemus,</span> <span class='ocrx_word' id='word_1_103' title='bbox 1222 1615 1256 1672; x_wconf 93' lang='lat' dir='ltr'>hi</span> <span class='ocrx_word' id='word_1_104' title='bbox 1276 1616 1382 1673; x_wconf 90' lang='lat' dir='ltr'>hostes</span> <span class='ocrx_word' id='word_1_105' title='bbox 1466 1617 1467 1684; x_wconf 74' lang='grc' dir='ltr'>Ϊ</span> 
     </span>
     <span class='ocr_line' id='line_1_14' title="bbox 282 1697 1467 1800; baseline -0.004 -24"><span class='ocrx_word' id='word_1_106' title='bbox 282 1719 401 1794; x_wconf 91' lang='lat' dir='ltr'>quidem</span> <span class='ocrx_word' id='word_1_107' title='bbox 421 1735 480 1800; x_wconf 79' lang='lat' dir='ltr'>nop</span> <span class='ocrx_word' id='word_1_108' title='bbox 502 1720 580 1791; x_wconf 83' lang='lat' dir='ltr'>sunt,</span> <span class='ocrx_word' id='word_1_109' title='bbox 602 1716 681 1787; x_wconf 89' lang='lat' dir='ltr'>quod</span> <span class='ocrx_word' id='word_1_110' title='bbox 702 1719 801 1770; x_wconf 87' lang='lat' dir='ltr'>autem</span> <span class='ocrx_word' id='word_1_111' title='bbox 823 1731 862 1770; x_wconf 88' lang='lat' dir='ltr'>ex</span> <span class='ocrx_word' id='word_1_112' title='bbox 882 1717 984 1772; x_wconf 89' lang='lat' dir='ltr'>nostro</span> <span class='ocrx_word' id='word_1_113' title='bbox 1007 1714 1046 1770; x_wconf 88' lang='lat' dir='ltr'>ad</span> <span class='ocrx_word' id='word_1_114' title='bbox 1067 1730 1119 1772; x_wconf 86' lang='lat' dir='ltr'>eos</span> <span class='ocrx_word' id='word_1_115' title='bbox 1140 1714 1289 1790; x_wconf 88' lang='lat' dir='ltr'>pervenit,</span> <span class='ocrx_word' id='word_1_116' title='bbox 1309 1715 1381 1772; x_wconf 91' lang='lat' dir='ltr'>illo-</span> <span class='ocrx_word' id='word_1_117' title='bbox 1466 1697 1467 1700; x_wconf 21' lang='lat'>¹</span> 
     </span>
     <span class='ocr_line' id='line_1_15' title="bbox 281 1751 1468 1910; baseline -0.003 -34"><span class='ocrx_word' id='word_1_118' title='bbox 281 1836 347 1876; x_wconf 89' lang='lat' dir='ltr'>rum</span> <span class='ocrx_word' id='word_1_119' title='bbox 368 1822 401 1876; x_wconf 87' lang='lat' dir='ltr'>tlt</span> <span class='ocrx_word' id='word_1_120' title='bbox 422 1823 453 1876; x_wconf 85' lang='lat' dir='ltr'>et</span> <span class='ocrx_word' id='word_1_121' title='bbox 473 1818 547 1874; x_wconf 89' lang='lat' dir='ltr'>liber</span> <span class='ocrx_word' id='word_1_122' title='bbox 568 1816 654 1872; x_wconf 91' lang='lat' dir='ltr'>homo</span> <span class='ocrx_word' id='word_1_123' title='bbox 675 1820 778 1873; x_wconf 88' lang='lat' dir='ltr'>noster</span> <span class='ocrx_word' id='word_1_124' title='bbox 798 1817 835 1873; x_wconf 88' lang='lat' dir='ltr'>ab</span> <span class='ocrx_word' id='word_1_125' title='bbox 857 1816 897 1872; x_wconf 89' lang='lat' dir='ltr'>iis</span> <span class='ocrx_word' id='word_1_126' title='bbox 919 1818 1024 1888; x_wconf 89' lang='lat' dir='ltr'>captus</span> <span class='ocrx_word' id='word_1_127' title='bbox 1046 1831 1152 1872; x_wconf 86' lang='lat' dir='ltr'>servus</span> <span class='ocrx_word' id='word_1_128' title='bbox 1174 1818 1208 1872; x_wconf 84' lang='lat' dir='ltr'>nt</span> <span class='ocrx_word' id='word_1_129' title='bbox 1228 1820 1375 1873; x_wconf 85' lang='lat' dir='ltr'>eteorum.</span> <span class='ocrx_word' id='word_1_130' title='bbox 1466 1751 1468 1910; x_wconf 48' lang='lat' dir='ltr'>i</span> 
     </span>
     <span class='ocr_line' id='line_1_16' title="bbox 281 1902 1375 1992; baseline -0.001 -17"><span class='ocrx_word' id='word_1_131' title='bbox 281 1919 421 1992; x_wconf 84' lang='lat' dir='ltr'>Idemque</span> <span class='ocrx_word' id='word_1_132' title='bbox 449 1922 496 1974; x_wconf 88' lang='lat' dir='ltr'>est</span> <span class='ocrx_word' id='word_1_133' title='bbox 522 1918 549 1973; x_wconf 91' lang='lat' dir='ltr'>si</span> <span class='ocrx_word' id='word_1_134' title='bbox 575 1919 612 1973; x_wconf 90' lang='lat' dir='ltr'>ab</span> <span class='ocrx_word' id='word_1_135' title='bbox 639 1917 700 1972; x_wconf 90' lang='lat' dir='ltr'>iilis</span> <span class='ocrx_word' id='word_1_136' title='bbox 728 1916 767 1972; x_wconf 89' lang='lat' dir='ltr'>ad</span> <span class='ocrx_word' id='word_1_137' title='bbox 787 1933 842 1974; x_wconf 90' lang='lat' dir='ltr'>nos</span> <span class='ocrx_word' id='word_1_138' title='bbox 863 1914 976 1989; x_wconf 90' lang='lat' dir='ltr'>aliquid</span> <span class='ocrx_word' id='word_1_139' title='bbox 997 1915 1182 1990; x_wconf 78' lang='lat' dir='ltr'>perveniat“</span> <span class='ocrx_word' id='word_1_140' title='bbox 1224 1918 1259 1979; x_wconf 80' lang='lat' dir='ltr'>si</span> <span class='ocrx_word' id='word_1_141' title='bbox 1280 1902 1375 1976; x_wconf 83' lang='lat' dir='ltr'>antem</span> 
     </span>
     <span class='ocr_line' id='line_1_17' title="bbox 281 2016 1469 2093; baseline 0 -17"><span class='ocrx_word' id='word_1_142' title='bbox 281 2019 378 2092; x_wconf 71' lang='lat' dir='ltr'>maius</span> <span class='ocrx_word' id='word_1_143' title='bbox 404 2019 539 2074; x_wconf 88' lang='lat' dir='ltr'>damnum</span> <span class='ocrx_word' id='word_1_144' title='bbox 567 2017 651 2073; x_wconf 89' lang='lat' dir='ltr'>cives</span> <span class='ocrx_word' id='word_1_145' title='bbox 673 2017 801 2074; x_wconf 86' lang='lat' dir='ltr'>Romani</span> <span class='ocrx_word' id='word_1_146' title='bbox 829 2017 866 2074; x_wconf 90' lang='lat' dir='ltr'>ab</span> <span class='ocrx_word' id='word_1_147' title='bbox 888 2017 1000 2074; x_wconf 83' lang='lat' dir='ltr'>exteris</span> <span class='ocrx_word' id='word_1_148' title='bbox 1020 2016 1105 2088; x_wconf 88' lang='lat' dir='ltr'>passi</span> <span class='ocrx_word' id='word_1_149' title='bbox 1126 2021 1226 2093; x_wconf 85' lang='lat' dir='ltr'>erant,</span> <span class='ocrx_word' id='word_1_150' title='bbox 1252 2020 1380 2092; x_wconf 87' lang='lat' dir='ltr'>populus</span> <span class='ocrx_word' id='word_1_151' title='bbox 1468 2021 1469 2064; x_wconf 74' lang='lat' dir='ltr'>t</span> 
     </span>
     <span class='ocr_line' id='line_1_18' title="bbox 282 2115 1383 2193; baseline -0.001 -16"><span class='ocrx_word' id='word_1_152' title='bbox 282 2121 449 2193; x_wconf 84' lang='lat' dir='ltr'>Romanus,</span> <span class='ocrx_word' id='word_1_153' title='bbox 481 2118 553 2174; x_wconf 87' lang='lat' dir='ltr'>belli</span> <span class='ocrx_word' id='word_1_154' title='bbox 582 2132 698 2190; x_wconf 84' lang='lat' dir='ltr'>semper</span> <span class='ocrx_word' id='word_1_155' title='bbox 726 2133 836 2173; x_wconf 86' lang='lat' dir='ltr'>causas</span> <span class='ocrx_word' id='word_1_156' title='bbox 867 2115 990 2174; x_wconf 86' lang='lat' dir='ltr'>idoneas</span> <span class='ocrx_word' id='word_1_157' title='bbox 1018 2134 1178 2193; x_wconf 89' lang='lat' dir='ltr'>quaerens,</span> <span class='ocrx_word' id='word_1_158' title='bbox 1205 2120 1383 2177; x_wconf 90' lang='lat' dir='ltr'>instituebat</span> 
     </span>
     <span class='ocr_line' id='line_1_19' title="bbox 282 2217 1415 2292; baseline 0.005 -16"><span class='ocrx_word' id='word_1_159' title='bbox 282 2235 381 2276; x_wconf 89' lang='lat' dir='ltr'>rerum</span> <span class='ocrx_word' id='word_1_160' title='bbox 408 2219 612 2291; x_wconf 82' lang='lat' dir='ltr'>repetitionem</span> <span class='ocrx_word' id='word_1_161' title='bbox 642 2223 672 2275; x_wconf 89' lang='lat' dir='ltr'>et</span> <span class='ocrx_word' id='word_1_162' title='bbox 699 2222 837 2275; x_wconf 88' lang='lat' dir='ltr'>auctores</span> <span class='ocrx_word' id='word_1_163' title='bbox 862 2217 973 2290; x_wconf 87' lang='lat' dir='ltr'>injnria</span> <span class='ocrx_word' id='word_1_164' title='bbox 997 2221 1141 2292; x_wconf 89' lang='lat' dir='ltr'>poscebat</span> <span class='ocrx_word' id='word_1_165' title='bbox 1168 2223 1256 2292; x_wconf 86' lang='lat' dir='ltr'>atque</span> <span class='ocrx_word' id='word_1_166' title='bbox 1283 2235 1383 2278; x_wconf 87' lang='lat' dir='ltr'>aceu—</span> <span class='ocrx_word' id='word_1_167' title='bbox 1412 2271 1415 2282; x_wconf 92' lang='lat'><strong>.</strong></span> 
     </span>
    </p>

    <p class='ocr_par' dir='ltr' id='par_1_4' title="bbox 230 2294 1470 2494">
     <span class='ocr_line' id='line_1_20' title="bbox 230 2294 1470 2396; baseline 0 -18"><span class='ocrx_word' id='word_1_168' title='bbox 230 2336 232 2344; x_wconf 78' lang='grc'>’</span> <span class='ocrx_word' id='word_1_169' title='bbox 281 2323 346 2379; x_wconf 87' lang='lat' dir='ltr'>rate</span> <span class='ocrx_word' id='word_1_170' title='bbox 368 2318 502 2376; x_wconf 83' lang='lat' dir='ltr'>formulis</span> <span class='ocrx_word' id='word_1_171' title='bbox 524 2322 555 2374; x_wconf 87' lang='lat' dir='ltr'>et</span> <span class='ocrx_word' id='word_1_172' title='bbox 574 2319 680 2374; x_wconf 90' lang='lat' dir='ltr'>ritibus</span> <span class='ocrx_word' id='word_1_173' title='bbox 704 2318 880 2392; x_wconf 79' lang='lat' dir='ltr'>observatis,</span> <span class='ocrx_word' id='word_1_174' title='bbox 900 2319 1010 2376; x_wconf 89' lang='lat' dir='ltr'>bellurn</span> <span class='ocrx_word' id='word_1_175' title='bbox 1029 2320 1193 2396; x_wconf 80' lang='lat' dir='ltr'>legitimum</span> <span class='ocrx_word' id='word_1_176' title='bbox 1213 2335 1383 2392; x_wconf 88' lang='lat' dir='ltr'>praepara·</span> <span class='ocrx_word' id='word_1_177' title='bbox 1469 2294 1470 2308; x_wconf 11' lang='grc' dir='ltr'>ἵ</span> 
     </span>
     <span class='ocr_line' id='line_1_21' title="bbox 281 2417 1383 2494; baseline 0.001 -15"><span class='ocrx_word' id='word_1_178' title='bbox 281 2423 341 2480; x_wconf 90' lang='lat' dir='ltr'>bat.</span> <span class='ocrx_word' id='word_1_179' title='bbox 388 2419 594 2477; x_wconf 84' lang='lat' dir='ltr'>Retorsionem</span> <span class='ocrx_word' id='word_1_180' title='bbox 617 2417 695 2489; x_wconf 89' lang='lat' dir='ltr'>juris</span> <span class='ocrx_word' id='word_1_181' title='bbox 725 2433 784 2474; x_wconf 92' lang='lat' dir='ltr'>non</span> <span class='ocrx_word' id='word_1_182' title='bbox 810 2421 907 2494; x_wconf 82' lang='lat' dir='ltr'>magis</span> <span class='ocrx_word' id='word_1_183' title='bbox 935 2422 1014 2492; x_wconf 90' lang='lat' dir='ltr'>apud</span> <span class='ocrx_word' id='word_1_184' title='bbox 1034 2424 1183 2479; x_wconf 85' lang='lat' dir='ltr'>Romanos</span> <span class='ocrx_word' id='word_1_185' title='bbox 1208 2421 1305 2478; x_wconf 84' lang='lat' dir='ltr'>fuisse</span> <span class='ocrx_word' id='word_1_186' title='bbox 1325 2424 1383 2480; x_wconf 85' lang='lat' dir='ltr'>vix</span> 
     </span>
    </p>

    <p class='ocr_par' dir='ltr' id='par_1_5' title="bbox 229 2509 1471 2682">
     <span class='ocr_line' id='line_1_22' title="bbox 229 2509 1471 2682; baseline 0 -100"><span class='ocrx_word' id='word_1_187' title='bbox 229 2579 230 2582; x_wconf 74' lang='grc'>,</span> <span class='ocrx_word' id='word_1_188' title='bbox 282 2519 429 2594; x_wconf 85' lang='lat' dir='ltr'>estquod</span> <span class='ocrx_word' id='word_1_189' title='bbox 450 2518 689 2594; x_wconf 76' lang='lat' dir='ltr'>ostendamus3).</span> <span class='ocrx_word' id='word_1_190' title='bbox 731 2519 876 2576; x_wconf 83' lang='lat' dir='ltr'>Rationes</span> <span class='ocrx_word' id='word_1_191' title='bbox 892 2521 970 2577; x_wconf 89' lang='lat' dir='ltr'>inter</span> <span class='ocrx_word' id='word_1_192' title='bbox 982 2524 1132 2580; x_wconf 87' lang='lat' dir='ltr'>Romanos</span> <span class='ocrx_word' id='word_1_193' title='bbox 1152 2526 1183 2580; x_wconf 90' lang='lat' dir='ltr'>et</span> <span class='ocrx_word' id='word_1_194' title='bbox 1203 2523 1379 2598; x_wconf 72' lang='lat' dir='ltr'>preregrinus</span> <span class='ocrx_word' id='word_1_195' title='bbox 1468 2509 1471 2682; x_wconf 69' lang='grc' dir='ltr'>Ι</span> 
     </span>
    </p>

    <p class='ocr_par' dir='ltr' id='par_1_6' title="bbox 221 2620 1379 3791">
     <span class='ocr_line' id='line_1_23' title="bbox 221 2620 1376 2698; baseline -0.001 -18"><span class='ocrx_word' id='word_1_196' title='bbox 221 2629 226 2642; x_wconf 86' lang='grc'><strong><em>’</em></strong></span> <span class='ocrx_word' id='word_1_197' title='bbox 281 2623 372 2697; x_wconf 87' lang='lat' dir='ltr'>longe</span> <span class='ocrx_word' id='word_1_198' title='bbox 393 2622 528 2680; x_wconf 87' lang='lat' dir='ltr'>diversas</span> <span class='ocrx_word' id='word_1_199' title='bbox 549 2620 646 2676; x_wconf 84' lang='lat' dir='ltr'>fuisse</span> <span class='ocrx_word' id='word_1_200' title='bbox 667 2637 685 2676; x_wconf 90' lang='lat' dir='ltr'>a</span> <span class='ocrx_word' id='word_1_201' title='bbox 713 2621 935 2678; x_wconf 86' lang='lat' dir='ltr'>necessitudine</span> <span class='ocrx_word' id='word_1_202' title='bbox 955 2623 1033 2680; x_wconf 92' lang='lat' dir='ltr'>inter</span> <span class='ocrx_word' id='word_1_203' title='bbox 1052 2624 1235 2682; x_wconf 88' lang='lat' dir='ltr'>recentiores</span> <span class='ocrx_word' id='word_1_204' title='bbox 1255 2624 1376 2698; x_wconf 89' lang='lat' dir='ltr'>populos</span> 
     </span>
     <span class='ocr_line' id='line_1_24' title="bbox 282 2720 1373 2804; baseline 0 -23"><span class='ocrx_word' id='word_1_205' title='bbox 282 2739 374 2797; x_wconf 84' lang='lat' dir='ltr'>supra</span> <span class='ocrx_word' id='word_1_206' title='bbox 400 2721 528 2778; x_wconf 87' lang='lat' dir='ltr'>vidimus</span> <span class='ocrx_word' id='word_1_207' title='bbox 560 2723 590 2804; x_wconf 78' lang='lat' dir='ltr'>et</span> <span class='ocrx_word' id='word_1_208' title='bbox 619 2720 673 2777; x_wconf 79' lang='lat' dir='ltr'>vix</span> <span class='ocrx_word' id='word_1_209' title='bbox 703 2721 755 2794; x_wconf 89' lang='lat' dir='ltr'>jus</span> <span class='ocrx_word' id='word_1_210' title='bbox 786 2722 949 2780; x_wconf 89' lang='lat' dir='ltr'>retinuisse</span> <span class='ocrx_word' id='word_1_211' title='bbox 981 2726 1171 2800; x_wconf 83' lang='lat' dir='ltr'>peregrinum</span> <span class='ocrx_word' id='word_1_212' title='bbox 1204 2725 1284 2800; x_wconf 89' lang='lat' dir='ltr'>apud</span> <span class='ocrx_word' id='word_1_213' title='bbox 1309 2725 1373 2783; x_wconf 79' lang='lat' dir='ltr'>lto-</span> 
     </span>
     <span class='ocr_line' id='line_1_25' title="bbox 282 2821 1376 2902; baseline 0 -20"><span class='ocrx_word' id='word_1_214' title='bbox 282 2840 384 2882; x_wconf 88' lang='lat' dir='ltr'>manos</span> <span class='ocrx_word' id='word_1_215' title='bbox 418 2825 448 2879; x_wconf 90' lang='lat' dir='ltr'>et</span> <span class='ocrx_word' id='word_1_216' title='bbox 482 2821 577 2878; x_wconf 90' lang='lat' dir='ltr'>civem</span> <span class='ocrx_word' id='word_1_217' title='bbox 603 2821 768 2879; x_wconf 83' lang='lat' dir='ltr'>Romanum</span> <span class='ocrx_word' id='word_1_218' title='bbox 796 2823 827 2880; x_wconf 92' lang='lat' dir='ltr'>in</span> <span class='ocrx_word' id='word_1_219' title='bbox 853 2824 953 2880; x_wconf 89' lang='lat' dir='ltr'>aliena</span> <span class='ocrx_word' id='word_1_220' title='bbox 979 2824 1119 2902; x_wconf 87' lang='lat' dir='ltr'>civitate,</span> <span class='ocrx_word' id='word_1_221' title='bbox 1147 2825 1207 2884; x_wconf 88' lang='lat' dir='ltr'>nisi</span> <span class='ocrx_word' id='word_1_222' title='bbox 1228 2828 1376 2884; x_wconf 86' lang='lat' dir='ltr'>intereos</span> 
     </span>
     <span class='ocr_line' id='line_1_26' title="bbox 282 2921 1376 3001; baseline 0 -19"><span class='ocrx_word' id='word_1_223' title='bbox 282 2924 414 2982; x_wconf 75' lang='lat' dir='ltr'>foederis</span> <span class='ocrx_word' id='word_1_224' title='bbox 443 2925 473 2978; x_wconf 84' lang='lat' dir='ltr'>et</span> <span class='ocrx_word' id='word_1_225' title='bbox 499 2921 647 2978; x_wconf 89' lang='lat' dir='ltr'>amicitiae</span> <span class='ocrx_word' id='word_1_226' title='bbox 667 2922 820 2980; x_wconf 89' lang='lat' dir='ltr'>vinculum</span> <span class='ocrx_word' id='word_1_227' title='bbox 839 2923 1095 3001; x_wconf 75' lang='lat' dir='ltr'>intercederet4),</span> <span class='ocrx_word' id='word_1_228' title='bbox 1122 2928 1201 2999; x_wconf 90' lang='lat' dir='ltr'>quod</span> <span class='ocrx_word' id='word_1_229' title='bbox 1227 2928 1254 2986; x_wconf 88' lang='lat' dir='ltr'>si</span> <span class='ocrx_word' id='word_1_230' title='bbox 1278 2927 1376 2985; x_wconf 87' lang='lat' dir='ltr'>viola-</span> 
     </span>
     <span class='ocr_line' id='line_1_27' title="bbox 282 3009 1375 3104; baseline 0.002 -22"><span class='ocrx_word' id='word_1_231' title='bbox 282 3029 344 3082; x_wconf 88' lang='lat' dir='ltr'>tum</span> <span class='ocrx_word' id='word_1_232' title='bbox 372 3028 424 3082; x_wconf 90' lang='lat' dir='ltr'>aut</span> <span class='ocrx_word' id='word_1_233' title='bbox 451 3026 570 3104; x_wconf 84' lang='lat' dir='ltr'>ruptum</span> <span class='ocrx_word' id='word_1_234' title='bbox 591 3027 688 3096; x_wconf 89' lang='lat' dir='ltr'>esset,</span> <span class='ocrx_word' id='word_1_235' title='bbox 715 3021 786 3080; x_wconf 88' lang='lat' dir='ltr'>beili</span> <span class='ocrx_word' id='word_1_236' title='bbox 814 3041 906 3082; x_wconf 88' lang='lat' dir='ltr'>causa</span> <span class='ocrx_word' id='word_1_237' title='bbox 927 3027 1034 3084; x_wconf 92' lang='lat' dir='ltr'>idonea</span> <span class='ocrx_word' id='word_1_238' title='bbox 1054 3009 1166 3085; x_wconf 81' lang='lat' dir='ltr'>aderat.</span> <span class='ocrx_word' id='word_1_239' title='bbox 1207 3027 1297 3100; x_wconf 88' lang='lat' dir='ltr'>Apud</span> <span class='ocrx_word' id='word_1_240' title='bbox 1317 3041 1375 3084; x_wconf 86' lang='lat' dir='ltr'>ex-</span> 
     </span>
     <span class='ocr_line' id='line_1_28' title="bbox 282 3122 1377 3200; baseline 0.001 -17"><span class='ocrx_word' id='word_1_241' title='bbox 282 3129 363 3183; x_wconf 89' lang='lat' dir='ltr'>teros</span> <span class='ocrx_word' id='word_1_242' title='bbox 391 3140 451 3182; x_wconf 88' lang='lat' dir='ltr'>nou</span> <span class='ocrx_word' id='word_1_243' title='bbox 478 3122 646 3180; x_wconf 87' lang='lat' dir='ltr'>foederatos</span> <span class='ocrx_word' id='word_1_244' title='bbox 673 3140 740 3183; x_wconf 90' lang='lat' dir='ltr'>cnm</span> <span class='ocrx_word' id='word_1_245' title='bbox 766 3126 879 3182; x_wconf 90' lang='lat' dir='ltr'>nullum</span> <span class='ocrx_word' id='word_1_246' title='bbox 906 3127 1030 3190; x_wconf 89' lang='lat' dir='ltr'>haberet</span> <span class='ocrx_word' id='word_1_247' title='bbox 1057 3128 1133 3198; x_wconf 86' lang='lat' dir='ltr'>eiyis</span> <span class='ocrx_word' id='word_1_248' title='bbox 1155 3129 1307 3188; x_wconf 85' lang='lat' dir='ltr'>Romanus</span> <span class='ocrx_word' id='word_1_249' title='bbox 1325 3122 1377 3200; x_wconf 84' lang='lat' dir='ltr'>jus</span> 
     </span>
     <span class='ocr_line' id='line_1_29' title="bbox 281 3223 1379 3302; baseline 0.001 -18"><span class='ocrx_word' id='word_1_250' title='bbox 281 3242 378 3299; x_wconf 89' lang='lat' dir='ltr'>neque</span> <span class='ocrx_word' id='word_1_251' title='bbox 395 3225 446 3297; x_wconf 89' lang='lat' dir='ltr'>jus</span> <span class='ocrx_word' id='word_1_252' title='bbox 468 3223 498 3280; x_wconf 93' lang='lat' dir='ltr'>ei</span> <span class='ocrx_word' id='word_1_253' title='bbox 517 3225 631 3280; x_wconf 83' lang='lat' dir='ltr'>auferri</span> <span class='ocrx_word' id='word_1_254' title='bbox 651 3240 748 3298; x_wconf 89' lang='lat' dir='ltr'>neque</span> <span class='ocrx_word' id='word_1_255' title='bbox 768 3227 862 3302; x_wconf 83' lang='lat' dir='ltr'>igitur</span> <span class='ocrx_word' id='word_1_256' title='bbox 884 3228 1009 3285; x_wconf 91' lang='lat' dir='ltr'>retorsio</span> <span class='ocrx_word' id='word_1_257' title='bbox 1026 3227 1105 3300; x_wconf 88' lang='lat' dir='ltr'>juris</span> <span class='ocrx_word' id='word_1_258' title='bbox 1127 3231 1298 3290; x_wconf 75' lang='lat' dir='ltr'>altemanis</span> <span class='ocrx_word' id='word_1_259' title='bbox 1319 3243 1379 3301; x_wconf 88' lang='lat' dir='ltr'>po·</span> 
     </span>
     <span class='ocr_line' id='line_1_30' title="bbox 283 3324 1378 3409; baseline 0.003 -26"><span class='ocrx_word' id='word_1_260' title='bbox 283 3326 342 3383; x_wconf 88' lang='lat' dir='ltr'>tuit</span> <span class='ocrx_word' id='word_1_261' title='bbox 362 3324 492 3382; x_wconf 86' lang='lat' dir='ltr'>institui.</span> <span class='ocrx_word' id='word_1_262' title='bbox 534 3325 567 3409; x_wconf 71' lang='lat' dir='ltr'>si</span> <span class='ocrx_word' id='word_1_263' title='bbox 584 3325 616 3406; x_wconf 89' lang='lat' dir='ltr'>in</span> <span class='ocrx_word' id='word_1_264' title='bbox 628 3326 798 3384; x_wconf 80' lang='lat' dir='ltr'>foederibus</span> <span class='ocrx_word' id='word_1_265' title='bbox 812 3331 930 3384; x_wconf 89' lang='lat' dir='ltr'>cautum</span> <span class='ocrx_word' id='word_1_266' title='bbox 943 3329 1043 3386; x_wconf 84' lang='lat' dir='ltr'>fuerat</span> <span class='ocrx_word' id='word_1_267' title='bbox 1056 3331 1093 3388; x_wconf 90' lang='lat' dir='ltr'>de</span> <span class='ocrx_word' id='word_1_268' title='bbox 1105 3333 1194 3390; x_wconf 86' lang='lat' dir='ltr'>rebus</span> <span class='ocrx_word' id='word_1_269' title='bbox 1206 3328 1333 3404; x_wconf 88' lang='lat' dir='ltr'>privatis</span> <span class='ocrx_word' id='word_1_270' title='bbox 1346 3329 1378 3386; x_wconf 90' lang='lat' dir='ltr'>id</span> 
     </span>
     <span class='ocr_line' id='line_1_31' title="bbox 283 3409 1377 3501; baseline 0.005 -18"><span class='ocrx_word' id='word_1_271' title='bbox 283 3426 361 3498; x_wconf 86' lang='lat' dir='ltr'>quod</span> <span class='ocrx_word' id='word_1_272' title='bbox 390 3441 481 3498; x_wconf 88' lang='lat' dir='ltr'>saepe</span> <span class='ocrx_word' id='word_1_273' title='bbox 508 3427 620 3483; x_wconf 80' lang='lat' dir='ltr'>iactum</span> <span class='ocrx_word' id='word_1_274' title='bbox 647 3409 716 3485; x_wconf 76' lang='lat' dir='ltr'>esse</span> <span class='ocrx_word' id='word_1_275' title='bbox 743 3413 886 3501; x_wconf 83' lang='lat' dir='ltr'>exemplis</span> <span class='ocrx_word' id='word_1_276' title='bbox 908 3429 1010 3488; x_wconf 92' lang='lat' dir='ltr'>docuit</span> <span class='ocrx_word' id='word_1_277' title='bbox 1029 3434 1171 3490; x_wconf 82' lang='lat' dir='ltr'>Huschke</span> <span class='ocrx_word' id='word_1_278' title='bbox 1192 3431 1224 3489; x_wconf 91' lang='lat' dir='ltr'>in</span> <span class='ocrx_word' id='word_1_279' title='bbox 1245 3447 1377 3489; x_wconf 86' lang='lat' dir='ltr'>excursu</span> 
     </span>
     <span class='ocr_line' id='line_1_32' title="bbox 281 3526 1378 3607; baseline 0.005 -23"><span class='ocrx_word' id='word_1_280' title='bbox 281 3527 320 3584; x_wconf 88' lang='lat' dir='ltr'>de</span> <span class='ocrx_word' id='word_1_281' title='bbox 331 3527 589 3599; x_wconf 84' lang='lat' dir='ltr'>recuperatoribus</span> <span class='ocrx_word' id='word_1_282' title='bbox 598 3526 630 3602; x_wconf 82' lang='lat'>⁵)</span> <span class='ocrx_word' id='word_1_283' title='bbox 643 3543 742 3588; x_wconf 89' lang='lat' dir='ltr'>eoram</span> <span class='ocrx_word' id='word_1_284' title='bbox 754 3526 1010 3603; x_wconf 84' lang='lat' dir='ltr'>iecuperatoribus</span> <span class='ocrx_word' id='word_1_285' title='bbox 1027 3532 1143 3607; x_wconf 88' lang='lat' dir='ltr'>judicia</span> <span class='ocrx_word' id='word_1_286' title='bbox 1162 3533 1378 3592; x_wconf 87' lang='lat' dir='ltr'>exercebantur</span> 
     </span>
     <span class='ocr_line' id='line_1_33' title="bbox 282 3626 1376 3712; baseline 0.005 -27"><span class='ocrx_word' id='word_1_287' title='bbox 282 3626 431 3685; x_wconf 85' lang='lat' dir='ltr'>derebus</span> <span class='ocrx_word' id='word_1_288' title='bbox 459 3643 533 3699; x_wconf 89' lang='lat' dir='ltr'>quas</span> <span class='ocrx_word' id='word_1_289' title='bbox 562 3628 639 3686; x_wconf 87' lang='lat' dir='ltr'>civis</span> <span class='ocrx_word' id='word_1_290' title='bbox 660 3631 749 3688; x_wconf 91' lang='lat' dir='ltr'>unius</span> <span class='ocrx_word' id='word_1_291' title='bbox 770 3631 871 3704; x_wconf 91' lang='lat' dir='ltr'>populi</span> <span class='ocrx_word' id='word_1_292' title='bbox 892 3648 911 3688; x_wconf 91' lang='lat' dir='ltr'>a</span> <span class='ocrx_word' id='word_1_293' title='bbox 932 3633 1000 3693; x_wconf 91' lang='lat' dir='ltr'>eive</span> <span class='ocrx_word' id='word_1_294' title='bbox 1020 3637 1142 3702; x_wconf 87' lang='lat' dir='ltr'>alterius</span> <span class='ocrx_word' id='word_1_295' title='bbox 1162 3635 1265 3712; x_wconf 89' lang='lat' dir='ltr'>populi</span> <span class='ocrx_word' id='word_1_296' title='bbox 1283 3647 1376 3708; x_wconf 87' lang='lat' dir='ltr'>repe-</span> 
     </span>
     <span class='ocr_line' id='line_1_34' title="bbox 282 3730 863 3791; baseline 0.003 -3"><span class='ocrx_word' id='word_1_297' title='bbox 282 3730 360 3788; x_wconf 87' lang='lat' dir='ltr'>teret</span> <span class='ocrx_word' id='word_1_298' title='bbox 380 3744 419 3787; x_wconf 79' lang='lat' dir='ltr'>ex</span> <span class='ocrx_word' id='word_1_299' title='bbox 440 3733 594 3788; x_wconf 88' lang='lat' dir='ltr'>contractu</span> <span class='ocrx_word' id='word_1_300' title='bbox 615 3732 665 3789; x_wconf 85' lang='lat' dir='ltr'>vel</span> <span class='ocrx_word' id='word_1_301' title='bbox 686 3747 725 3789; x_wconf 84' lang='lat' dir='ltr'>cx</span> <span class='ocrx_word' id='word_1_302' title='bbox 746 3732 863 3791; x_wconf 89' lang='lat' dir='ltr'>delicto.</span> 
     </span>
    </p>
   </div>
   <div class='ocr_carea' id='block_1_3' title="bbox 282 3891 1373 4212">
    <p class='ocr_par' dir='ltr' id='par_1_7' title="bbox 349 3891 1046 3967">
     <span class='ocr_line' id='line_1_35' title="bbox 349 3891 1046 3967; baseline 0.014 -21"><span class='ocrx_word' id='word_1_303' title='bbox 349 3891 378 3957; x_wconf 86' lang='lat'>1)</span> <span class='ocrx_word' id='word_1_304' title='bbox 397 3895 596 3959; x_wconf 76' lang='lat' dir='ltr'>nynkersboetr</span> <span class='ocrx_word' id='word_1_305' title='bbox 613 3900 736 3960; x_wconf 75' lang='lat' dir='ltr'>Quaestt</span> <span class='ocrx_word' id='word_1_306' title='bbox 756 3897 813 3965; x_wconf 88' lang='lat' dir='ltr'>jur.</span> <span class='ocrx_word' id='word_1_307' title='bbox 831 3903 903 3967; x_wconf 85' lang='lat' dir='ltr'>publ.</span> <span class='ocrx_word' id='word_1_308' title='bbox 920 3906 941 3956; x_wconf 89' lang='lat'>1.</span> <span class='ocrx_word' id='word_1_309' title='bbox 959 3918 988 3961; x_wconf 84' lang='lat' dir='ltr'>a..</span> <span class='ocrx_word' id='word_1_310' title='bbox 999 3901 1046 3956; x_wconf 76' lang='lat'>24.</span> 
     </span>
    </p>

    <p class='ocr_par' dir='ltr' id='par_1_8' title="bbox 350 3976 919 4051">
     <span class='ocr_line' id='line_1_36' title="bbox 350 3976 919 4051; baseline 0.019 -24"><span class='ocrx_word' id='word_1_311' title='bbox 350 3976 380 4041; x_wconf 76' lang='lat'>2)</span> <span class='ocrx_word' id='word_1_312' title='bbox 397 3979 416 4028; x_wconf 91' lang='lat'>1.</span> <span class='ocrx_word' id='word_1_313' title='bbox 435 3983 463 4044; x_wconf 79' lang='lat' dir='ltr'>d,</span> <span class='ocrx_word' id='word_1_314' title='bbox 481 3978 503 4044; x_wconf 82' lang='lat'>§.</span> <span class='ocrx_word' id='word_1_315' title='bbox 521 3984 539 4032; x_wconf 75' lang='lat'><em>2</em></span> <span class='ocrx_word' id='word_1_316' title='bbox 555 3983 588 4034; x_wconf 88' lang='lat' dir='ltr'>D.</span> <span class='ocrx_word' id='word_1_317' title='bbox 606 3984 640 4033; x_wconf 91' lang='lat' dir='ltr'>de</span> <span class='ocrx_word' id='word_1_318' title='bbox 658 3988 773 4048; x_wconf 83' lang='lat' dir='ltr'>captivis</span> <span class='ocrx_word' id='word_1_319' title='bbox 791 3985 848 4051; x_wconf 80' lang='lat'>(49,</span> <span class='ocrx_word' id='word_1_320' title='bbox 863 3987 919 4049; x_wconf 76' lang='lat'><strong>15).</strong></span> 
     </span>
    </p>

    <p class='ocr_par' dir='ltr' id='par_1_9' title="bbox 282 4057 1373 4212">
     <span class='ocr_line' id='line_1_37' title="bbox 351 4057 1373 4136; baseline 0.011 -25"><span class='ocrx_word' id='word_1_321' title='bbox 351 4059 381 4132; x_wconf 68' lang='lat'>8)</span> <span class='ocrx_word' id='word_1_322' title='bbox 406 4061 523 4113; x_wconf 83' lang='lat' dir='ltr'>crusina</span> <span class='ocrx_word' id='word_1_323' title='bbox 551 4066 579 4115; x_wconf 87' lang='lat' dir='ltr'>in</span> <span class='ocrx_word' id='word_1_324' title='bbox 601 4068 736 4120; x_wconf 77' lang='lat' dir='ltr'>nantolii</span> <span class='ocrx_word' id='word_1_325' title='bbox 759 4070 861 4134; x_wconf 85' lang='lat' dir='ltr'>opusc.</span> <span class='ocrx_word' id='word_1_326' title='bbox 886 4071 966 4124; x_wconf 86' lang='lat' dir='ltr'>acad.</span> <span class='ocrx_word' id='word_1_327' title='bbox 989 4071 1033 4122; x_wconf 78' lang='lat' dir='ltr'>ed.</span> <span class='ocrx_word' id='word_1_328' title='bbox 1050 4057 1171 4123; x_wconf 82' lang='lat' dir='ltr'>Wereir.</span> <span class='ocrx_word' id='word_1_329' title='bbox 1199 4069 1275 4136; x_wconf 74' lang='lat' dir='ltr'>urps.</span> <span class='ocrx_word' id='word_1_330' title='bbox 1293 4069 1373 4124; x_wconf 68' lang='lat' dir='ltr'>isca.</span> 
     </span>
     <span class='ocr_line' id='line_1_38' title="bbox 282 4141 1189 4212; baseline 0.018 -19"><span class='ocrx_word' id='word_1_331' title='bbox 282 4141 608 4212; x_wconf 58' lang='lat' dir='ltr'>ammpmm</span> <span class='ocrx_word' id='word_1_332' title='bbox 1048 4145 1050 4152; x_wconf 88' lang='grc'><strong>’</strong></span> <span class='ocrx_word' id='word_1_333' title='bbox 1185 4144 1189 4155; x_wconf 86' lang='grc'><em>“</em></span> 
     </span>
    </p>
   </div>
   <div class='ocr_carea' id='block_1_4' title="bbox 351 4227 896 4406">
    <p class='ocr_par' dir='ltr' id='par_1_10' title="bbox 351 4227 896 4406">
     <span class='ocr_line' id='line_1_39' title="bbox 351 4227 896 4302; baseline 0.018 -23"><span class='ocrx_word' id='word_1_334' title='bbox 351 4227 382 4292; x_wconf 79' lang='lat'>4)</span> <span class='ocrx_word' id='word_1_335' title='bbox 398 4230 417 4280; x_wconf 89' lang='lat' dir='ltr'>i.</span> <span class='ocrx_word' id='word_1_336' title='bbox 436 4233 454 4280; x_wconf 73' lang='lat'><strong>7</strong></span> <span class='ocrx_word' id='word_1_337' title='bbox 471 4244 512 4293; x_wconf 90' lang='lat' dir='ltr'>pr.</span> <span class='ocrx_word' id='word_1_338' title='bbox 530 4233 563 4282; x_wconf 87' lang='lat' dir='ltr'>i).</span> <span class='ocrx_word' id='word_1_339' title='bbox 581 4235 615 4286; x_wconf 89' lang='lat' dir='ltr'>de</span> <span class='ocrx_word' id='word_1_340' title='bbox 633 4237 747 4302; x_wconf 88' lang='lat' dir='ltr'>captivis</span> <span class='ocrx_word' id='word_1_341' title='bbox 765 4237 824 4302; x_wconf 80' lang='grc'>(49,</span> <span class='ocrx_word' id='word_1_342' title='bbox 838 4235 896 4302; x_wconf 78' lang='lat' dir='ltr'>ie).</span> 
     </span>
     <span class='ocr_line' id='line_1_40' title="bbox 351 4311 847 4406; baseline 0.012 -42"><span class='ocrx_word' id='word_1_343' title='bbox 351 4311 380 4377; x_wconf 69' lang='lat' dir='ltr'>t)</span> <span class='ocrx_word' id='word_1_344' title='bbox 397 4313 444 4364; x_wconf 81' lang='lat' dir='ltr'>Iu:</span> <span class='ocrx_word' id='word_1_345' title='bbox 460 4317 586 4368; x_wconf 68' lang='lat' dir='ltr'>analect.</span> <span class='ocrx_word' id='word_1_346' title='bbox 603 4319 676 4406; x_wconf 75' lang='lat' dir='ltr'>liter.</span> <span class='ocrx_word' id='word_1_347' title='bbox 694 4334 718 4386; x_wconf 89' lang='lat' dir='ltr'>p.</span> <span class='ocrx_word' id='word_1_348' title='bbox 735 4320 786 4372; x_wconf 75' lang='lat'>211</span> <span class='ocrx_word' id='word_1_349' title='bbox 805 4334 847 4386; x_wconf 82' lang='lat' dir='ltr'>sq.</span> 
     </span>
    </p>
   </div>
   <div class='ocr_carea' id='block_1_5' title="bbox 697 4475 947 4498">
    <p class='ocr_par' dir='ltr' id='par_1_11' title="bbox 697 4475 947 4498">
     <span class='ocr_line' id='line_1_41' title="bbox 697 4475 947 4498; baseline 0.024 -6"><span class='ocrx_word' id='word_1_350' title='bbox 697 4475 947 4498; x_wconf 53' lang='lat' dir='ltr'>m</span> 
     </span>
    </p>
   </div>
   <div class='ocr_carea' id='block_1_6' title="bbox 0 0 1487 5142">
    <p class='ocr_par' dir='ltr' id='par_1_12' title="bbox 0 0 1487 5142">
     <span class='ocr_line' id='line_1_42' title="bbox 0 0 1487 5142; baseline 0 0"><span class='ocrx_word' id='word_1_351' title='bbox 0 0 1487 5142; x_wconf 95' lang='lat' dir='ltr'> </span> 
     </span>
    </p>
   </div>
  </div>
 </body>
</html>
