2960 5142
9 511 10 530 ¹
121 498 277 586 βάρβαρος.
305 498 371 560 Nec
386 495 486 558 minus
507 495 545 554 de
565 495 659 570 prima
680 494 900 572 significatione
919 490 973 554 illa
989 495 1127 558 docemur
1146 498 1213 560 loco

122 603 334 676 Aristophanis
347 601 387 676 ¹),
399 600 452 656 uhi
465 600 580 658 Graece
601 600 717 656 discere
737 599 876 672 dicuntur
897 614 970 656 aves
981 591 1122 680 βάρβαροι
1134 591 1215 672 ὄντος

123 709 240 785 προσοῦ.
268 702 353 772 Quod
373 702 468 776 igitur
480 701 553 756 dicit
572 697 740 760 ΠοσοοΙοωο
749 700 781 774 ²)
800 701 837 758 de
849 701 1028 777 Aegyptiis:
1049 695 1214 782 βαρβάρους
1240 715 1246 724 “

124 799 232 876 πάντας
252 805 387 864 καλέουσι
407 794 474 872 τοὺς
493 794 533 881 μή
554 821 607 879 σφι
628 789 832 881 ὁμογλώσσους
851 805 959 875 optime
980 803 1011 860 id
1024 803 1164 859 convenit
1176 803 1215 860 ad

124 909 252 966 Graecos
273 910 363 977 atque
384 902 576 976 conspicuum
597 903 630 960 iit
650 902 750 960 verbis
772 900 974 978 stratonici)
1016 903 1077 962 Sed
1097 909 1216 978 tempo-

120 1008 163 1070 ris
183 1022 347 1082 progressu
367 1005 427 1062 alia
446 1004 584 1078 apparuit
604 1003 764 1062 diversitas
784 1005 862 1062 inter
883 1006 1014 1062 Graecos
1035 1009 1066 1062 et
1087 1012 1215 1082 exteros,

121 1124 216 1182 eaque
242 1106 336 1180 major
363 1111 427 1165 erat
455 1121 542 1180 quam
568 1105 692 1180 linguae
719 1105 920 1178 discrepantia
944 1104 1071 1180 ideoque
1099 1123 1216 1183 semper

120 1225 140 1266 a
161 1209 356 1283 scriptoribus
384 1211 514 1266 offerturi
557 1208 665 1265 Graeci
693 1207 772 1264 euim
793 1208 930 1265 celeriter
950 1208 988 1264 ad
1009 1210 1122 1268 tantum
1142 1227 1216 1284 per-

120 1309 266 1370 venerant
281 1305 437 1388 fastigium
458 1308 633 1367 eruditionis
647 1313 678 1366 at
692 1309 803 1367 cultum
820 1309 920 1386 a'nimi,
931 1312 965 1366 ut
986 1315 1105 1368 exteros
1125 1312 1215 1370 rudes

117 1417 152 1474 et
185 1408 313 1470 incultos
345 1414 485 1486 pulment
516 1410 606 1482 idque·
639 1411 811 1483 piarumque
843 1416 950 1468 nomeu
982 1406 1124 1492 βάρβαροι
1157 1413 1221 1494 (1ο-Ι

119 1512 252 1590 ιοοῐοῐθο
287 1507 357 1576 Nou
377 1513 472 1587 igitur
492 1500 599 1587 lingua
619 1512 715 1568 solum
735 1513 791 1569 sed
810 1511 941 1570 moribus
963 1513 1103 1586 'cultuque
1124 1512 1216 1572 animi

120 1616 228 1676 Graeci
256 1615 397 1674 'contrarii
426 1617 510 1672 erant
537 1612 664 1687 exteris,-
679 1613 795 1670 ¹‹leerat
822 1613 872 1670 his
898 1613 976 1688 quod
1005 1604 1129 1672 Graecis
1156 1630 1216 1672 non

116 1718 217 1778 minus
246 1730 333 1790 quam
361 1716 461 1774 victus
483 1713 687 1774 necessarium
709 1714 867 1772 videbatur
887 1715 926 1772 ad
947 1715 1039 1774 vitam
1059 1715 1137 1774 hene
1157 1731 1214 1774 su-

116 1818 322 1890 stentandam,
355 1815 493 1872 educatio
521 1815 560 1870 ad
586 1813 800 1870 humanitatem
826 1817 857 1870 et
882 1821 986 1872 varum
1012 1815 1128 1890 ingenii
1147 1819 1216 1878 cui-

115 1925 181 1978 tum
202 1917 361 1987 studiaque
381 1915 533 1991 hberalia,
553 1915 655 1971 deerat
677 1913 739 1994 βίος
754 1906 905 1994 Ἐλληοὸ).
947 1917 1016 1973 Non
1036 1917 1124 1989 plaue
1145 1917 1215 1988 qui-

116 2018 186 2076 dem
212 2021 352 2090 expertes
381 2032 433 2074 eos
455 2016 631 2090 judicabant
653 2004 761 2073 Graeci
789 2007 868 2074 omni
895 2016 1030 2074 doctrina
1057 2021 1087 2075 ct
1108 2019 1216 2078 artium

114 2119 216 2194 rudes,
237 2133 307 2176 nam
327 2118 378 2174 vel
398 2117 576 2176 nobilissimi
599 2117 788 2192 Graecorum,
809 2118 1023 2193 Athenienses,
1044 2120 1137 2176 multa
1156 2134 1215 2194 pe-

114 2222 239 2298 regrina
265 2220 404 2278 instituta
432 2218 613 2290 adoptabant
626 2215 670 2291 θ),
691 2218 746 2272 sed
773 2217 919 2276 neminem
944 2223 1045 2276 eorum
1072 2207 1215 2280 accedere

114 2321 278 2388 credebaut
300 2319 338 2377 ad
360 2318 453 2377 animi
473 2311 584 2384 cultum
607 2305 799 2376 coecorum?
817 2319 947 2378 Accedit
967 2324 1066 2380 autem
1086 2323 1215 2399 tertium,

115 2425 149 2483 in
170 2439 228 2496 quc
250 2437 311 2480 non
331 2422 472 2479 minorem
494 2433 581 2490 quam
602 2423 679 2490 quae
701 2423 765 2475 erat
782 2419 887 2496 hugus
908 2426 939 2480 et
958 2423 1089 2480 moribus
1111 2423 1216 2481 diver-

117 2526 237 2584 sitatem
266 2522 398 2604 conspici
425 2524 531 2594 politae
559 2525 589 2578 et
610 2521 780 2594 philosophi
801 2522 908 2581 Graeci
931 2523 1126 2600 contendunt,
1149 2541 1216 2584 cum

115 2628 258 2687 barbaros
279 2629 385 2682 natura
412 2638 517 2681 servos
545 2635 614 2680 esse
641 2623 759 2698 dicunt,
782 2624 913 2681 Graecos
933 2623 1044 2682 liberos
1065 2630 1096 2684 ct
1117 2627 1215 2686 domi-

116 2744 172 2790 nos
197 2724 429 2798 barbarorumll
450 2739 641 2798 necccrpore
653 2725 749 2784 solum
770 2724 826 2782 sed
845 2724 943 2784 animo
956 2741 1008 2784 ecs
1019 2725 1123 2786 servos
1136 2743 1215 2805 esse,-

115 2929 179 2993 pius
204 2923 367 2989 exprimitur
389 2923 439 2988 pei
462 2920 631 2988 adjectivum
658 2920 795 2996 βάρβσροξ.
832 2915 884 2986 (lul
907 2932 975 2980 usus
1000 2927 1074 2980 haud
1095 2928 1153 2982 scio
1178 2929 1215 2980 ari

22 3075 28 3096 ,
59 3040 63 3050 ·
116 3013 206 3076 magis
231 3010 364 3073 probaret
388 3020 447 3060 ram
472 3009 507 3059 (le
525 3022 581 3072 σοι
598 3013 708 3077 agitur,
724 3014 839 3074 primam
856 3013 983 3064 vocabuli
1005 3009 1136 3083 βάρβαρος
1153 3018 1214 3080 sig-

117 3094 305 3147 nificationem
330 3104 347 3142 e
370 3096 506 3143 sermonis
531 3094 691 3145 diversitate
709 3107 772 3146 esse
793 3099 918 3160 petitam.
953 3100 1015 3149 Non
1032 3097 1132 3148 afferre
1151 3102 1214 3162 qui-

117 3181 180 3230 dem
196 3183 310 3241 possum
326 3177 417 3228 locum
434 3179 483 3228 ubi
501 3175 668 3244 adjectivum
685 3179 884 3252 βαρβαρόφωνος
900 3183 937 3234 sii
955 3179 1114 3248 adjunctum
1130 3185 1215 3234 rebus

118 3275 190 3328 quae
215 3257 303 3327 φωνήν
319 3264 373 3310 hon
391 3261 506 3328 hahent,
523 3263 573 3316 sed
598 3265 714 3330 legimus
738 3265 811 3330 apud
828 3266 994 3328 Aeschylum
1012 3266 1100 3332 (sept.
1118 3280 1143 3320 ο.
1163 3268 1212 3318 'lin

28 3361 32 3369 ’
117 3344 190 3410 1128.)
224 3335 337 3400 ποδῶκες
364 3339 436 3404 ὄμμα
458 3351 486 3396 el
505 3345 637 3411 (Ghoeph.
660 3346 734 3414 1176.)
757 3349 870 3408 ποδῶκες
891 3347 1025 3414 χάλκουμοο
1049 3357 1133 3418 atque
1158 3355 1214 3406 alta

117 3429 253 3499 ejusmodi
270 3441 307 3480 ex
323 3407 410 3492 poetri
426 3433 495 3481 ncta
510 3437 585 3482 sunt.¹

153 3589 158 3598 .
185 3546 215 3612 1)
240 3549 317 3600 Aves
335 3536 399 3599 20⁰}

184 3651 214 3710 2)
244 3643 363 3714 115168.

185 3749 215 3816 a)
241 3751 316 3818 xm,
334 3752 359 3801 ο.
376 3741 403 3801 ο.
421 3753 447 3814 p.
464 3735 526 3804 ocia

187 3851 216 3917 4)
239 3839 359 3918 Egregie
375 3853 428 3902 hoc
445 3852 573 3916 exposuit
588 3839 661 3906 lilith
677 3843 696 3906 1.
706 3841 726 3906 1.
743 3855 780 3908 οἳ.
797 3843 900 3909 loccis
917 3852 1085 3913 'veiuiischt'e
1103 3855 1211 3912 'chril-

116 3939 170 3991 iene
206 3937 240 3988 ΤΑ
258 3937 310 3988 lli.-
332 3949 358 4001 με
375 3936 417 3987 79.
435 3949 478 4000 sq.

185 4036 214 4101 n)
248 4033 364 4102 Dionyse
378 4038 445 4116 'Hal
455 4038 539 4090 Arch.¹
556 4025 578 4092 l.
596 4039 621 4092 cl
638 4030 684 4092 ic.

185 4137 214 4202 6)
248 4137 371 4204 Xenoph.
390 4139 425 4191 de
441 4151 500 4205 rep.
517 4143 615 4194 Athen.
633 4141 670 4210 11,-
686 4139 712 4196 a·
747 4131 819 4195 ncta
835 4159 861 4207 p.·
881 4129 907 4195 4'.
926 4141 982 4197 noi

116 4341 147 4395 Μ
166 4255 214 4392 αν)
240 4259 367 4396 1οιιοιοο.
385 4259 462 4311 unire
479 4257 503 4328 1,-
520 4262 547 4312 ο.
566 4264 596 4312 st
611 4260 736 4328 pronius
753 4260 832 4312 roan.-
859 4261 953 4330 ουτοι.
971 4266 1032 4332 spu.
1053 4251 1116 4321 iu.
1131 4268 1208 4321 naor.

148 4354 164 4396 e
184 4342 240 4396 ,σε
257 4377 265 4394 .
283 4353 343 4408 squ.

855 4436 968 4544 *aa
