2958 5162
262 342 317 415 56

262 523 433 598 proditoris·
461 526 627 587 necandum
667 529 737 588 esse
773 529 993 608 probaram).
1046 533 1157 594 Narrat
1193 533 1366 613 bivius¹)a

262 634 381 704 praetor
400 631 553 690 Romanus
574 631 778 704 quaestionem
797 631 830 690 in
857 635 923 694 foro
950 631 1043 716 urbis}
1055 637 1152 695 Nolae
1172 637 1211 696 de
1231 637 1287 714 iis,
1309 637 1370 712 qui

264 727 340 792 elam
367 733 399 790 in
427 733 573 805 colloquio
600 734 730 791 hostium
761 733 907 813 fuissent,
935 736 1056 814 habuit,
1082 755 1174 814 supra
1199 739 1369 816 sexaginta

263 834 418 893 damnatos
450 834 626 906 proditionis
658 835 758 893 securi
785 839 935 910 percussit
967 840 1103 912 bonaque
1130 857 1232 900 corum
1266 841 1368 914 jussit

263 933 384 1011 publica
420 937 523 1010 populi
547 933 683 996 'Romani
717 938 820 996 esse“.
868 943 919 999 Ac
952 941 1128 1014 saepissima
1161 946 1196 1000 ut
1233 957 1366 1016 poenam

264 1036 371 1097 darem
395 1041 587 1114 transfugae,
613 1039 646 1096 iu
679 1040 905 1102 condicionibus
936 1043 1022 1116 pacis
1056 1045 1190 1104 additum
1214 1044 1367 1122 videmus,

265 1139 416 1200 dedendos
437 1156 505 1198 esse
515 1142 659 1202 Romanis
679 1145 855 1220 transfugas
864 1143 908 1222 ³).
935 1169 937 1172 ·
1032 1177 1034 1182 ·

351 1243 408 1312 Qui
431 1259 497 1300 oum
518 1245 611 1302 luerit
632 1244 748 1303 animus
768 1247 968 1304 Romanorum
987 1245 1020 1304 in
1040 1249 1217 1325 transfugas
1238 1251 1270 1306 et
1289 1264 1371 1322 pro-

265 1345 391 1422 ditores,
405 1346 532 1426 minime
559 1351 658 1404 tamen
684 1361 781 1420 neque
809 1347 869 1421 ipsi
894 1349 1001 1406 fraude
1028 1349 1153 1429 et'dolo
1174 1351 1371 1409 abstinebant

220 1441 222 1446 ’
265 1463 366 1520 neque
391 1447 567 1530 rejiciebant
597 1448 775 1530 proditorem
801 1463 961 1522 perquem
988 1451 1127 1525 oppidum
1153 1435 1286 1512 hostium
1313 1452 1369 1511 vel

265 1549 348 1608 aliud
367 1551 550 1610 commodum
571 1550 827 1624 capere-possent.
853 1552 941 1610 Licet
961 1553 1056 1628 igitur
1076 1553 1129 1611 hio
1147 1569 1265 1630 quoque
1287 1553 1370 1628 quod

266 1669 370 1728 saepe·
384 1654 417 1711 in
444 1649 512 1710 aliis
539 1654 653 1727 rebus,
674 1653 834 1710 observare
863 1654 939 1710 olam
965 1654 1090 1726 perfidia
1110 1670 1170 1712 -aos
1191 1671 1266 1714 usos
1286 1671 1367 1732 esse,

264 1756 363 1834 palam
389 1754 498 1830 lide4).
539 1755 608 1813 Nec
632 1753 718 1818 modo
741 1753 926 1828 recipiebant
950 1755 1129 1828 proditorem
1162 1758 1217 1814 sed
1244 1771 1364 1816 munera
1470 1801 1471 1810 ,

265 1860 389 1930 insuper
410 1859 440 1916 ei
461 1853 622 1931 dabanti).
641 1855 871 1928 Antiquissimis
893 1857 1011 1930 quidem
1032 1858 1215 1931 temporibus
1232 1873 1270 1916 ex
1288 1873 1361 1932 pro·

267 1963 380 2022 ditione
399 1961 560 2019 utilitatem
580 1971 687 2031 capere
707 1958 881 2034 noluerunt,
901 1959 1032 2031 rejectus
1057 1959 1203 2020 animast
1224 1977 1293 2021 eum
1312 1961 1366 2019 in·

263 2063 443 2140 dignatione
457 2061 595 2118 medicus
620 2059 674 2116 ille
691 2058 840 2137 Pyrrhiss)
862 2063 893 2117 et
912 2061 1151 2138 ludimagistrum
1167 2063 1370 2140 Faliscorum,

264 2168 321 2252 qni
346 2177 456 2237 pueros
482 2159 664 2226 dominorum
689 2160 816 2243 prodere
841 2161 979 2223 voluerat
1002 2165 1163 2240 Romanis,
1187 2162 1371 2227 rennerunt
1471 2153 1472 2176 ff

268 2269 307 2328 ad
327 2262 464 2332 Faliscos
473 2265 516 2344 ἵ),

339 2458 341 2469 ’
460 2436 495 2496 3.
535 2403 883 2514 Itejure'bellllu
907 2437 1165 2498 resbostium.

276 2579 278 2585 ’
356 2576 442 2638 Sicut
464 2575 600 2650 permisit
621 2578 674 2651 jus
694 2577 766 2637 belli
793 2578 909 2635 hostem
929 2589 1038 2636 necare
1059 2578 1111 2632 aut
1131 2575 1164 2632 iu
1191 2573 1365 2634 servitutem
1472 2583 1473 2618 ³

217 2751 219 2755 ¹
270 2680 408 2757 abigere,
429 2680 473 2737 ita
494 2679 592 2738 omnia
611 2679 733 2737 hostilia
754 2682 855 2738 iacere
877 2678 910 2735 lu
929 2691 980 2734 res
1000 2676 1131 2740 hostium
1152 2690 1262 2749 easque
1280 2679 1361 2731 atte-

264 2795 337 2840 rere
358 2787 390 2839 et
409 2781 534 2856 perdere
552 2771 675 2839 licitum¹
689 2783 754 2838 erat
774 2797 813 2838 ex
839 2781 911 2854 lege
929 2773 1002 2838 belli
1022 2793 1090 2835 cum
1118 2779 1228 2836 octaris
1247 2776 1365 2854 populis

271 2883 402 2956 antiquis
427 2884 545 2957 populis
578 2886 640 2942 tum
667 2883 819 2943 Romanis.
860 2881 999 2940 llostium
1031 2878 1227 2957 munitiones,
1253 2883 1365 2956 partus,

270 2979 377 3062 urbes,
406 2999 516 3060 naves,
543 2986 649 3061 fruges
675 2985 792 3056 aliaque
818 2982 964 3056 eJnsmodi
991 2997 1138 3055 occuparo
1166 2987 1217 3040 aut
1241 2981 1365 3054 perdere

271 3090 314 3145 ut
332 3101 381 3144 res
407 3075 537 3144 hostium
556 3093 601 3144 ‘eo
627 3091 792 3144 atterantur
819 3101 945 3162 cogere,
973 3083 1046 3141 dicit
1071 3063 1272 3157 Polybium),
1296 3081 1368 3153 jnra

271 3195 302 3250 et
322 3191 408 3265 leges
425 3190 497 3247 belli
518 3188 627 3264 (ταῦτα
646 3186 703 3267 μὲν·
722 3182 927 3267 ἀναγκάζουσιν
948 3191 978 3248 οἱ
995 3187 1047 3246 τοῦ
1068 3185 1193 3264 πολέμου
1218 3177 1300 3263 νόμοι
1319 3181 1369 3246 καὶ

271 3287 310 3354 a&
327 3277 541 3353 cotrarietatem
556 3277 642 3371 ῠρᾷν)
656 3293 687 3347 et
696 3289 854 3366 Livium:
876 3305 945 3349 esse
965 3286 1109 3363 quaedam
1123 3281 1197 3342 dlolt
1207 3285 1280 3343 belli
1288 3284 1368 3361 jura,

272 3411 349 3470 quac
370 3399 404 3454 ut
424 3397 525 3472 lacere
546 3392 590 3451 ita
608 3392 673 3466 pati
692 3393 734 3450 sit
753 3395 821 3468 fas3
843 3397 910 3452 sata
930 3392 1031 3466 exuri,
1052 3387 1132 3447 dirui
1157 3389 1253 3462 tacta,
1274 3402 1368 3458 prae-

272 3497 331 3559 das
353 3498 504 3558 baminruu
530 3509 728 3572 paeonumque
754 3493 823 3571 egi,
851 3494 963 3558 mucra
994 3492 1093 3575 magia
1126 3501 1215 3562 quam
1240 3485 1369 3564 indigna

341 3667 372 3728 1)
405 3663 582 3742 uta-xm,
598 3663 643 3718 29.

342 3772 372 3832 a>
405 3767 511 3832 xxia,
527 3765 572 3819 ιν.
1182 3825 1184 3832 .

341 3875 373 3932 a)
406 3870 468 3922 arv.
485 3866 647 3935 xxxvur,
664 3870 691 3920 e.
724 3867 958 3936 xxxl,1⁰.19.
991 3871 1072 3948 eun
1088 3871 1124 3927 a.
1136 3873 1197 3948 rr,
1212 3873 1258 3932 at.

340 3975 374 4034 a)
406 3974 468 4026 arv.
485 3971 513 4036 1,
531 3973 578 4021 aa.
611 3968 732 4035 111‚⁷1.
767 3971 906 4043 ulmae.
940 3973 1217 4050 mbas,
1262 3954 1277 4017 '-

340 4079 371 4141 ε)
403 4076 465 4128 mv.
482 4072 538 4137 ru,
554 4071 597 4124 or.
632 4071 740 4140 xxvi,
755 4071 798 4128 ar.

341 4183 372 4240 o)
405 4178 466 4227 mv.
482 4176 553 4240 spu.
570 4172 650 4252 xur.¹

232 4283 236 4289 '
340 4280 370 4344 7)
403 4276 719 4345 bron.u.xs11,1.a.

339 4367 371 4429 Θ)
405 4365 446 4429 V,
463 4363 505 4413 11.
536 4419 538 4424 ,

342 4451 372 4516 a)
405 4447 570 4513 XXXl‚80·
