2960 5142
86 492 130 546 tot
150 484 231 544 enirn
251 482 397 542 solemnes
419 481 520 554 eraut,
541 492 601 536 non
626 475 825 536 reddebantur
845 471 1187 554 res,1‹“etia11sballuu

85 588 130 648 ita
150 587 269 646 indicit:
309 582 395 644 Audi
414 580 539 654 Jupiter
559 584 589 638 et
609 584 644 652 tu
664 580 770 659 Juuo,
794 579 935 656 mirice,
956 579 1058 653 diique
1084 593 1188 638 murrea

88 692 253 766 cueleuea,
279 700 392 762 uosque
420 687 593 761 toreama,
620 696 733 757 eosque
758 678 874 754 infermi
904 682 1026 758 audite,
1053 695 1107 756 epo
1133 682 1211 740 cca*

92 795 186 854 ecstor
206 790 356 869 populum
381 785 468 842 illum
488 782 675 860 (quicunque
700 785 748 841 est
773 781 922 858 nominat]
948 780 1097 856 injurium
1123 797 1187 842 case

90 907 185 966 usque
206 889 264 964 jur
288 888 480 964 persoluere,
505 887 560 944 scd
586 886 624 942 de
651 883 717 942 istis
744 885 835 943 rebus
865 884 900 942 iu
923 885 1030 958 putria
1054 881 1188 958 brajerac
1262 904 1265 910 ·

87 999 164 1052 notu
185 992 391 1067 consulemus,
412 1003 472 1063 quc
494 991 588 1062 pacto
605 983 663 1059 jue
687 989 827 1046 nostrum
850 985 1069 1060 uupbcoaur.
1112 986 1188 1046 Cum

87 1093 138 1154 his
158 1092 288 1152 nuncius
309 1091 433 1150 Romam
452 1087 491 1145 ad
513 1086 727 1148 consulendum
747 1086 834 1146 redit.
877 1085 1043 1146 Confestim
1062 1101 1118 1146 rex
1137 1088 1187 1148 bis

86 1198 183 1255 ferme
208 1192 310 1254 verbis
334 1196 434 1265 patres
461 1189 652 1248 considebat:
686 1190 825 1260 Qororum
848 1202 953 1248 rerum
979 1183 1081 1248 dilium
1105 1173 1186 1248 cuu-

87 1313 195 1358 surum
222 1293 362 1354 condicit
385 1298 476 1368 poter
494 1295 639 1367 patratur
667 1290 777 1368 pupuli
798 1291 932 1350 Romani
953 1291 1040 1365 putri
1062 1296 1188 1368 patrata

88 1401 268 1460 Priscorum
303 1396 487 1456 doricorum
528 1393 757 1468 hominibusque
787 1393 902 1454 Priscis
936 1391 1078 1471 dadau,
1110 1407 1189 1468 quur

87 1516 140 1560 rea
173 1501 243 1558 dori
274 1495 345 1572 siena·
382 1497 459 1554 aciei
489 1499 643 1575 oportuit,
669 1510 749 1570 quoa
778 1509 830 1554 rea
859 1511 917 1555 occ
947 1497 1098 1556 iuduunt
1131 1509 1190 1554 uec

85 1598 228 1675 feceruut
259 1615 317 1666 uec
353 1600 525 1676 uolucrum,
553 1600 623 1675 die,
653 1596 751 1672 iuquit
777 1594 807 1654 ei
837 1612 925 1670 quam
956 1595 1083 1670 pulmum
1113 1611 1188 1656 aen-

88 1703 210 1760 teutiam
240 1701 380 1777 rogabat,
407 1702 481 1776 quid
505 1693 634 1760 cumea?
669 1703 732 1758 tum
757 1697 823 1756 illes
846 1712 927 1772 puro
950 1701 1063 1774 pioque
1089 1699 1190 1758 dudo

87 1806 280 1880 quaerendos
302 1816 421 1878 causeo,
442 1802 546 1874 itaqua
567 1800 721 1858 couaeudo
741 1799 964 1874 consciscoquc.
990 1799 1065 1858 lude
1086 1799 1190 1860 ordine

86 1905 143 1962 alii
175 1903 381 1978 rogabantur3
413 1898 589 1974 quandoque
626 1915 697 1974 pars
739 1899 833 1972 majm
872 1914 994 1976 eorum,
1028 1900 1080 1974 qui
1111 1899 1189 1959 ade·
1255 1953 1262 1969 ,

85 2007 156 2062 rant
187 2003 219 2060 in
251 2001 376 2060 eandem
402 2001 580 2060 sententiam
605 2000 683 2077 ibat,
715 2001 825 2060 bellum
851 2004 916 2060 erat
942 2017 1102 2062 consensu.
1142 2004 1191 2060 lta

9 2113 13 2128 ¹
84 2105 166 2163 banc
185 2117 249 2160 rem
270 2100 486 2176 antiquissimis
506 2103 689 2176 temporibus
709 2107 861 2177 peractam
880 2119 950 2161 esse
968 2105 1059 2163 tradit
1070 2104 1189 2181 Livius,

85 2205 142 2266 scd
162 2209 268 2279 postea
288 2205 328 2262 ad
347 2201 420 2264 belli
441 2203 634 2262 indictionum
659 2219 719 2262 non
745 2204 841 2262 solum
862 2207 984 2264 senatus
1012 2205 1191 2264 auctoritate

83 2307 141 2365 sed
161 2306 262 2379 populi
279 2305 371 2379 jussu
391 2319 467 2377 opus
488 2306 562 2380 erat,
583 2301 658 2362 dicit
676 2303 756 2362 enim
775 2304 921 2378 Polybius
930 2304 976 2380 ¹)=
1002 2301 1094 2386 „into
1116 2299 1189 2386 εἰρή-

84 2430 137 2485 νης
157 2403 173 2467 ὁ
197 2408 287 2485 δῆμος
305 2399 470 2485 βουλεύεται
489 2405 538 2466 aci
557 2407 703 2486 osupum
726 2409 757 2463 et
777 2405 958 2479 temporibus
979 2407 1099 2480 quidem
1119 2411 1191 2466 anta

86 2506 228 2568 Servium
250 2506 380 2565 Tullium
405 2508 533 2582 populus
560 2507 697 2566 debello
723 2505 882 2567 indicendo
904 2512 936 2566 et
960 2507 1089 2568 dnicndc
1110 2508 1191 2580 sicut

85 2607 125 2664 dc
147 2607 371 2683 magistratibus
393 2608 529 2667 creandis
552 2612 583 2666 et
603 2609 723 2684 legibus
735 2609 905 2668 sanciendis
926 2609 958 2668 in
980 2610 1108 2669 comitiis
1130 2626 1190 2669 cu-

83 2709 173 2768 riatis
194 2711 340 2785 suffragia
360 2710 479 2786 tuum).
515 2713 590 2770 Posi
609 2708 749 2770 Servium
769 2711 828 2769 hcc
843 2709 896 2784 jus
917 2711 988 2770 belli
1009 2712 1190 2774 decernendi

85 2813 119 2869 et
139 2809 262 2871 finiendi
283 2811 441 2868 transiisse
458 2812 497 2869 ad
509 2812 630 2872 comitia
651 2811 818 2870 centuriata
838 2817 1070 2875 consentaneum
1091 2813 1188 2890 est³);

84 2916 178 2984 atque
204 2913 311 2984 postca
343 2912 519 2988 dignitatem
544 2914 643 2987 plebis
668 2910 857 2987 tribuumque
887 2918 948 2972 tam
974 2919 1092 2974 auctam
1119 2931 1190 2976 ease

83 3015 224 3072 videmus
245 3016 279 3070 ut
300 3012 332 3070 in
354 3013 483 3072 comitiis
504 3013 624 3073 tributis
646 3014 684 3071 de
704 3015 783 3074 bello
798 3015 957 3074 indicendo
973 3015 1190 3093 sutfragialata

85 3111 199 3191 sinti).
241 3113 437 3188 Temporibus
458 3121 558 3175 autem
583 3115 767 3190 reipublicae
787 3113 901 3176 rdtimis
920 3111 1011 3190 hujus
1032 3117 1078 3176 rei
1098 3121 1189 3192 pote·
1283 3137 1285 3142 ·

85 3221 196 3276 etatem
213 3215 384 3274 universam
410 3215 470 3282 sibi
496 3220 690 3294 arrogaverat
716 3213 894 3293 senatum).
922 3217 1072 3282 Florentia
1092 3219 1189 3296 igitur

85 3318 272 3394 reipublicae
292 3315 474 3388 temporibus
493 3319 671 3379 auctoritate
692 3322 815 3379 senatus
837 3321 868 3376 ct
887 3317 997 3394 popuii
1006 3318 1097 3394 jussu
1112 3335 1190 3395 opus

87 3484 258 3538 Inundfflede
275 3496 302 3537 a.
320 3484 400 3538 1187.
417 3488 472 3536 art.
488 3484 552 3539 10.=
567 3488 741 3554 „statuimus
758 3487 842 3539 ctiam
855 3513 885 3524 -
904 3489 952 3553 ut,
968 3486 1123 3550 quicunque
1140 3485 1188 3539 aid

87 3570 244 3638 „damnum
266 3571 360 3622 iacere
384 3573 434 3622 aut
461 3569 574 3623 laedere
589 3574 679 3637 ipsum
701 3573 840 3638 intendat,
857 3570 945 3623 tribus
962 3569 998 3624 cd
1014 3573 1104 3627 minus
1121 3575 1188 3624 aute

87 3654 214 3721 „diebus
238 3667 289 3718 per
305 3659 413 3708 certum
435 3654 561 3706 nuntium
584 3667 665 3709 auum
688 3656 841 3708 diffiduciet
863 3649 963 3708 euru“.
995 3655 1032 3706 ci.
1048 3655 1186 3708 Eicbboru

89 3739 226 3791 deutscbc
245 3741 358 3792 scaste-
375 3738 432 3792 und
454 3737 652 3806 Recbtegescb.
670 3738 730 3808 (ete
746 3736 844 3808 burg.)
866 3739 900 3790 d.
916 3738 951 3790 11.
967 3753 995 3806 p.
1012 3739 1076 3794 ced.
1092 3751 1152 3806 sqq.

159 3840 175 3892 1
223 3840 265 3892 VI
298 3841 342 3898 12.

158 3838 189 4009 b}
222 3873 303 3995 Dicin.
322 3941 382 3994 Hal.
400 3940 498 4008 11,14.
519 3939 568 4007 IV,
584 3943 630 3996 ²⁰.
652 3941 774 3995 Niebuhr
790 3941 865 3995 bisi.
883 3939 962 3993 idom.
980 3939 1015 4005 11,
1032 3941 1126 4006 pm
1142 3955 1184 4006 aq.

159 4059 190 4125 a)
224 4059 285 4113 biv.
304 4060 353 4127 Ν,
371 4062 416 4113 co.
450 4051 531 4113 oron.
549 4058 611 4112 nar.
630 4059 676 4126 iv,
693 4061 738 4113 ac.
772 4060 893 4112 utacum
910 4060 989 4112 noua
1007 4057 1043 4109 rr
1060 4075 1086 4127 p.
1103 4058 1166 4113 tsi.

118 4221 119 4226 Ν
160 4161 189 4226 4)
224 4162 283 4212 mv.
300 4163 352 4227 vr,
368 4161 414 4216 ao.
447 4162 569 4215 uranum
587 4161 620 4212 u.
638 4161 673 4212 u.
696 4176 724 4227 p.
741 4162 802 4214 ooo.

159 4262 190 4331 c)
225 4263 339 4330 appion.
358 4263 392 4319 de
409 4261 474 4320 bell.
493 4265 547 4318 civ.
564 4261 615 4334 111,
631 4261 925 4334 cumulandarum
942 4259 993 4318 da·
1010 4259 1043 4315 it.
1054 4264 1088 4316 Β.
1106 4263 1184 4316 doru.

91 4353 113 4405 1.
135 4367 161 4419 p.
177 4349 240 4406 956.
