2960 5142
445 337 517 394 Γ·
1189 341 1214 408 5

122 539 189 586 rum
199 521 338 600 populum
354 521 514 582 videretur.
534 518 648 588 Nititur
658 518 827 590 sutemtele
834 517 886 596 jus
897 515 1012 578 ratione
1027 519 1058 577 et
1077 533 1145 595 usu,
1155 535 1214 577 usn

123 627 205 693 euim
230 626 360 694 timetur
380 623 459 697 quod
479 622 554 692 ratio
574 623 607 680 in
634 623 740 679 animis
769 622 930 680 coustituit.
971 621 1108 681 Alterum
1135 635 1214 696 eog-

123 727 256 788 noseitur
281 741 322 784 ex
341 725 482 800 historio,
503 724 627 780 alterum
651 722 825 781 discendum
851 727 899 782 est
925 724 962 780 eb
983 723 1058 802 ipsis
1080 722 1214 796 Graecis,

127 826 363 909 ascriptoribus
396 823 490 900 igitur
522 825 574 899 qui
606 825 735 892 animum
761 826 941 894 Graecorum
967 827 999 891 et
1032 836 1215 888 oommuuem

124 927 309 1001 popularium
335 942 455 996 sensum
481 927 568 992 nobis
595 925 769 1000 depingunt,
809 926 875 983 lloo
897 923 949 996 jus
977 928 1090 986 tontum
1117 927 1213 999 abest,

122 1033 157 1086 ut
182 1030 279 1087 ruisse
299 1031 427 1103 negetur
447 1043 483 1086 eo
510 1027 588 1101 quod
608 1043 699 1100 saepe
726 1025 982 1099 deprehendentur
1009 1042 1085 1100 quoe
1105 1027 1134 1086 ei
1156 1027 1215 1083 ed-

122 1134 295 1206 versentur,
317 1133 350 1194 ut
376 1131 561 1192 ooniirmetur
589 1129 675 1203 inde,
696 1143 764 1198 nem
785 1127 813 1185 si
833 1127 887 1204 jus
908 1126 1015 1184 violari
1039 1130 1153 1201 potest,
1174 1128 1217 1184 sit

123 1247 250 1302 neeesse
271 1234 326 1288 est.
351 1231 411 1290 Sed
432 1235 535 1296 eontra
554 1229 719 1298 cavendum
740 1231 787 1294 est
806 1244 845 1296 ne
861 1227 914 1301 jus
934 1227 1069 1307 gentium
1086 1229 1216 1286 Greeoos

124 1313 268 1400 habuisse
288 1347 327 1392 ex
348 1347 383 1390 eo
403 1331 578 1406 colligamus
590 1332 769 1404 quodmulto
785 1330 986 1405 reperinptur,
1008 1344 1084 1401 quoe
1104 1330 1137 1385 iu
1157 1344 1216 1402 pe-

123 1433 261 1508 regrinos
282 1436 463 1504 oommittere
483 1436 569 1502 nefas
587 1434 695 1496 Groeoi
714 1433 869 1507 duxerint,
890 1447 909 1488 s
931 1430 1038 1504 quibus
1059 1431 1216 1500 abstinue-

125 1536 187 1602 rint
218 1536 288 1603 belli
315 1541 455 1609 tempore,
496 1534 735 1610 Diligentissime
767 1533 839 1589 tolio
872 1532 1053 1603 conquisivit
1079 1534 1217 1602 Woehs-

126 1636 222 1712 muth,
244 1639 299 1706 secl
319 1651 377 1706 non
397 1639 480 1694 reete
502 1651 539 1694 es
558 1635 590 1694 iu
607 1635 659 1718 jus
674 1633 797 1712 intulit,
818 1649 885 1703 oum
906 1649 945 1690 ex
965 1633 1024 1702 olio
1045 1635 1128 1690 fonte
1148 1649 1217 1692 ms-

124 1738 262 1806 noveriut
294 1751 419 1810 eumque
446 1753 486 1806 err
512 1737 625 1810 pietate
658 1733 731 1804 sola,
748 1749 822 1809 ergo
847 1737 927 1804 Deos
961 1737 1123 1808 repetendo
1147 1736 1217 1795 siut.

123 1837 194 1895 Non
222 1853 368 1910 pegomus
395 1834 514 1907 quidem
539 1836 633 1904 multo
659 1835 749 1910 hujus
777 1834 898 1917 generis
925 1849 964 1904 er
990 1841 1091 1904 nostro
1119 1852 1215 1904 seusu

120 1935 200 2008 juris
226 1935 361 2010 gentium
388 1950 457 1992 esse
478 1934 532 2006 sed
552 1935 615 2018 nisi
639 1935 871 2003 intellexerimus
893 1936 1023 1994 Groeeos
1044 1938 1122 2006 idem
1141 1954 1217 1996 seu-

124 2034 204 2094 sisse
225 2039 255 2098 et
282 2036 465 2106 abstinuisse
492 2038 530 2095 ob
551 2036 669 2110 injuriis
697 2037 729 2093 in
757 2038 875 2104 exteros
896 2036 974 2109 quprl
995 2036 1064 2109 jure
1091 2038 1217 2122 quodem

125 2151 178 2196 eos
204 2135 316 2212 privari
343 2141 497 2214 putarent,
524 2138 585 2210 pisi
605 2140 663 2206 hoo
683 2137 912 2206 demonstr-otum
933 2138 1004 2213 erit,
1025 2155 1084 2210 nou
1105 2156 1217 2214 possu-

123 2254 190 2307 mus
210 2238 350 2314 smpleeti
369 2239 593 2308 Weehsuruthii
614 2238 799 2308 sententium.
840 2241 966 2308 Sonetos
987 2255 1055 2311 esse
1075 2243 1217 2318 putabunt

125 2339 233 2406 Groeoi
259 2341 377 2417 legatos
398 2340 436 2404 orl
457 2355 492 2396 se
515 2339 691 2415 missos„id
712 2339 789 2412 quod
809 2339 859 2396 vel
884 2341 1078 2410 ierooissimis
1098 2343 1217 2426 populis

125 2441 276 2512 proprium
298 2455 366 2506 esse
393 2441 520 2517 seimus,
548 2441 603 2499 sed
624 2456 676 2498 eos
702 2440 820 2516 legatos
842 2456 915 2513 quos
937 2444 974 2500 ob
994 2444 1130 2501 hostibus
1151 2445 1216 2502 suis

125 2540 164 2608 orl
195 2542 297 2598 hostes
328 2542 436 2600 missos
469 2525 714 2617 prehendissent,
740 2543 900 2600 noluerunt
924 2548 1005 2602 tutos
1034 2549 1065 2601 et
1097 2549 1216 2602 sanctos

122 2640 242 2715 esse¹).
283 2641 355 2701 Illos
376 2643 495 2701 laedere
516 2647 603 2715 nefas
625 2644 822 2720 duxeruutssb,
843 2646 898 2702 hos
918 2649 1046 2720 Deorum
1066 2645 1217 2731 praesidio

122 2742 168 2800 uti
188 2744 347 2818 negabant.
389 2745 578 2818 sepulturam
599 2760 753 2818 oaesorum
773 2746 805 2804 in
825 2762 928 2823 pugno
947 2748 1083 2820 hostibus
1104 2763 1217 2818 oonoe-

124 2842 195 2900 dere
215 2845 264 2900 ias
286 2843 406 2920 erst³);
427 2846 552 2906 vetitum
573 2849 637 2916 eret
656 2863 765 2918 oerore
785 2863 853 2920 eum
874 2848 924 2921 qui
941 2847 1101 2922 resistendi
1116 2849 1215 2908 iooul-

124 2947 194 3024 tute
206 2944 358 3028 privatus,
379 2945 471 3016 ritum
496 2950 611 3019 peteret
631 2963 650 3002 a
670 2949 799 3024 vietore,
820 2951 986 3023 supplicum
1013 2950 1091 3020 enim
1111 2951 1216 3018 Jovem

123 3048 250 3116 tutorem
276 3060 344 3102 esse
372 3047 532 3120 eredebant
544 3043 594 3122 ⁴),
622 3049 792 3120 foederibus
820 3052 967 3130 obstringi
996 3067 1030 3119 se
1063 3051 1216 3125 putabant,

123 3160 192 3214 nom
223 3146 346 3211 foedere
371 3151 501 3220 Deorum
528 3165 619 3222 ouree
650 3150 953 3228 committebantuffi).
994 3155 1099 3223 Atqui¹
1130 3152 1217 3225 illum

124 3245 215 3318 hujus
241 3247 362 3322 generis
393 3252 560 3320 enumerari
587 3257 725 3327 possunt,
753 3270 830 3326 qupe
856 3270 916 3326 non
929 3254 979 3324 od
1002 3251 1055 3326 jus
1081 3254 1215 3328 gentium

125 3348 181 3404 sed
210 3347 248 3403 nd
275 3349 492 3425 δεισιδαιμονίαν
519 3354 698 3410 Graecorum
724 3357 891 3422 referantur
918 3369 1044 3426 neeesse
1072 3356 1127 3410 est.
1169 3355 1216 3414 liu

125 3449 350 3522 appellantur&
378 3451 501 3517 Graepis
529 3446 567 3512 τὰ
589 3446 705 3514 πάντων
725 3448 890 3534 ἀνθρώπων
910 3447 1029 3533 νόμιμα,
1051 3449 1131 3528 κοινὰ
1158 3453 1216 3514 τῶν

125 3541 290 3632 ἀνθρώπων
316 3540 393 3651 t'p'r‘iq,
414 3548 483 3632 παρ’
506 3547 673 3635 ἀνθρώποις
694 3551 837 3637 ὡρισμένα
857 3553 995 3630 ὃίκαια.θ)
1038 3555 1113 3626 Cum
1132 3555 1216 3624 Darii

193 3711 223 3778 1)
260 3717 397 3781 ll'huell,
420 3717 464 3768 67.
485 3717 591 3770 Heffter
606 3721 626 3770 i.
644 3721 662 3772 l.
686 3736 712 3785 p.
734 3723 760 3779 ti.

193 3815 223 3881 s)
256 3817 607 3885 fleroo.vi1,1ol.sqq.
690 3789 695 3799 ⁴

194 3917 225 3982 θ)
260 3919 442 3982 Waoirsnruth
460 3921 559 3972 hellen.
577 3923 693 3974 Alterllr.
710 3924 745 3989 ll,
762 3923 788 3975 1.
805 3939 832 3990 p.
848 3923 910 3978 424.

194 4017 225 4083 4)
259 4020 388 4084 Apollon.
405 4021 509 4084 Argon.
531 4021 567 4087 ll,
592 4021 668 4076 11³4.
687 4015 826 4076 Hermann
842 4028 860 4078 l.
878 4029 897 4080 l.
915 4023 938 4092 ξ.
958 4025 1000 4076 lo.
1018 4037 1045 4076 n.
1062 4027 1089 4076 b.

195 4117 224 4183 5)
253 4121 390 4172 Hermann
408 4123 426 4172 i.
444 4122 463 4171 l.
482 4119 505 4186 ἕ.
524 4098 566 4176 1οἰ
585 4135 611 4172 u.
628 4119 654 4182 4.

196 4217 224 4285 6)
259 4221 359 4272 Herod.
378 4221 442 4286 Vll,
460 4219 518 4276 1³6.
542 4225 639 4288 Polyb.
657 4227 685 4293 1,
701 4227 751 4292 ³70,
768 4230 792 4277 o.
825 4225 975 4291 11‚8‚12.
1011 4228 1069 4276 Non
1087 4223 1216 4288 pontione

127 4305 155 4354 ln
172 4305 214 4353 his
231 4305 392 4358 dictionibus
414 4311 515 4360 mentio
536 4312 583 4379 fit,
606 4313 656 4369 sed
677 4313 712 4362 ab
735 4312 940 4364 bominibus·eo
960 4313 1085 4363 infusum
1102 4313 1216 4372 recepto

127 4388 264 4440 dicuntur.
276 4433 278 4436 .
