2958 5162
1168 327 1223 400 tt

125 509 394 576 dimisissenoeeo
413 509 539 572 Fretum
552 506 631 568 enim
650 505 709 567 hoo
730 508 777 568 est
796 518 818 566 a
835 497 961 570 'eonsule
979 509 1015 568 ut
1033 505 1101 584 regi
1116 511 1222 567 osten·

126 619 212 680 deret
239 616 328 674 animi
354 613 588 690 magnitudinem
609 613 816 671 Romanorum·
857 611 1002 671 Similiter
1021 610 1123 684 sulpio
1145 612 1225 670 Car-
1332 683 1334 688 ι

127 719 361 796 thaginiensium
379 717 581 789 exploratores
609 714 675 788 ipse
696 729 749 788 per
770 717 870 772 eastra
890 713 976 774 duxit
995 717 1031 774 nt
1050 713 1150 774 omnia
1170 712 1228 774 vi-.

127 821 279 882 deremet
299 822 365 880 suis
385 821 499 876 referre
519 819 642 890 possent
650 814 691 892 1).

210 925 306 984 Reote
328 921 415 980 nobis
435 921 570 980 videmur
590 919 658 995 hio,
678 917 730 976 nbi
752 915 853 993 agitur
873 917 911 976 de
928 917 997 990 jnre
1017 917 1089 978 belli
1109 916 1143 976 in
1162 917 1223 976 ho·

125 1028 206 1100 stes,
224 1025 339 1084 adime
359 1038 456 1096 panea
477 1022 514 1082 de
540 1036 642 1099 poene
663 1016 894 1093 uamtirpomm
914 1023 945 1078 et
962 1021 1169 1096 proditorem,
1190 1019 1240 1078 iri·

125 1127 204 1184 enim
226 1128 356 1189 hostiurn
376 1126 443 1182 loeo
462 1127 555 1182 erant.
596 1122 774 1180 Maroianus
800 1120 902 1197 ait²Jr
929 1123 1131 1198 „transfugas
1151 1123 1224 1182 lieet

123 1229 296 1301 ubieunque
327 1227 443 1286 inventi
469 1225 598 1301 fuerint,
626 1224 712 1298 quasi
738 1225 841 1282 hostes
867 1223 1061 1304 interficere“
1088 1228 1119 1282 et
1145 1226 1223 1284 alins

122 1331 231 1404 letus,
253 1329 304 1402 qui
325 1330 362 1388 de
382 1345 417 1388 ro
437 1325 558 1386 militari
578 1323 755 1400 seripsit³J=
783 1326 975 1402 „prontores
995 1331 1026 1384 et
1046 1327 1223 1402 transfugae

122 1432 296 1506 plerumque
325 1432 425 1508 eapite
459 1430 620 1504 puniuntur
654 1432 685 1486 et
716 1430 902 1488 exauctorati
935 1433 1128 1507 torquentur,
1154 1445 1223 1486 nam

120 1545 176 1606 pro
210 1533 297 1592 hoste
323 1547 383 1598 non
416 1547 469 1606 pro
497 1531 592 1590 milite
613 1523 805 1588 'hahentnr“.
847 1529 940 1602 Apud
967 1533 1117 1591 Romanos
1144 1531 1223 1590 eninr

119 1632 189 1694 'loeo
216 1634 387 1694 decessisse
414 1638 467 1692 eut
494 1631 612 1692 omnino
638 1631 716 1708 ruga
736 1631 894 1691 stationem
915 1630 1086 1692 deseruisse
1114 1633 1232 1707 ospital‘

122 1733 238 1811 eraut).
281 1739 380 1806 Quare
416 1737 595 1808 transfugae
628 1732 834 1805 comprehensi
871 1733 971 1790 noeati
1002 1737 1090 1810 sunt,
1122 1735 1224 1792 addito

121 1837 246 1906 insuper
267 1835 442 1910 ignominia.
466 1837 597 1892 Poenam
618 1848 720 1895 eorum
740 1834 884 1892 deseribit
902 1833 1009 1896 Livius
1019 1823 1068 1912 1)ἐ
1089 1837 1224 1912 „reeepti

121 1939 271 2011 perfugae
292 1937 419 2022 treoenti
439 1936 648 2012 septuaginta,
668 1951 742 2009 quos
764 1953 831 1995 oum
849 1938 973 1996 Romam
993 1937 1127 1996 misisset
1147 1952 1224 1997 oon·-

121 2038 189 2112 sul,
211 2038 309 2112 virgis
335 2038 417 2096 oaesi
444 2039 477 2097 in
505 2038 625 2096 comitio
654 2054 756 2096 omnes
778 2055 814 2122 ao
834 2039 872 2098 de
893 2055 969 2098 saxo
989 2039 1098 2112 ‹tejeeti
1119 2038 1224 2108 runt“,

121 2139 225 2212 Scipio
253 2141 429 2216 transfugas
457 2144 488 2198 at
513 2140 663 2214 fugitivos
689 2143 747 2198 vo}
765 2141 872 2206 bestiis
898 2140 1034 2198 inludis
1062 2140 1223 2220 objeeitss),

13 2273 15 2280 r
121 2241 352 2313 neque‘meliore
367 2257 454 2312 quarn
461 2241 610 2315 fugitivos
624 2257 676 2300 eos
689 2243 787 2300 fuisso
800 2241 975 2320 eondioione
990 2257 1025 2300 eo
1040 2243 1223 2315 eonspieitnr

122 2343 201 2415 quod
222 2342 325 2420 veilin
348 2357 465 2400 oruoem
487 2342 597 2400 sublati
624 2342 687 2400 sint
706 2343 929 2420 transfugaei),
949 2359 1026 2417 quae
1046 2345 1107 2402 fuit
1126 2361 1232 2422 poena-

121 2459 284 2501 servorum.
305 2443 398 2501 Nulla
408 2443 503 2518 igitur
515 2444 605 2500 venia
626 2423 693 2501 oum
706 2446 846 2518 sperandi
866 2446 905 2503 iis
923 2444 1044 2522 essert)
1059 2451 1222 2504 consenta-

121 2561 210 2604 neum
232 2548 279 2602 est
309 2561 361 2606 eos
384 2545 436 2618 jus
464 2543 639 2620 postliminii
665 2562 726 2603 non
753 2545 947 2622 nabmssevj.
986 2549 1102 2619 manta
1122 2551 1221 2606 autem

117 2649 212 2706 fuerit
230 2648 280 2704 ira
300 2649 498 2707 Rornanorum
519 2648 551 2707 in
571 2648 718 2724 perfugas
740 2649 847 2710 donent
866 2651 959 2708 verba
975 2649 1129 2726 Livii¹⁰J=
1149 2651 1221 2726 „qui

119 2751 274 2808 Luoenrrm
301 2749 480 2820 proditorem
510 2753 541 2805 et
569 2751 758 2826 transfugam
783 2752 941 2810 victimam
958 2767 1032 2824 prae
1053 2766 1088 2810 se
1108 2751 1148 2809 ad
1168 2753 1220 2810 in-

119 2852 204 2908 feros
243 2849 391 2922 misisset,
426 2864 494 2908 eum
528 2850 620 2908 danus
656 2853 797 2918 eximium
835 2853 1051 2930 egregiumque
1066 2833 1069 2838 Δ
1082 2854 1220 2915 solatium

119 2967 196 3010 ¹sitae
222 2949 310 3020 morti
342 2947 531 3010 inventurum
541 2943 583 3007 “J
606 2953 708 3026 Atque
729 2953 823 3030 idem,
845 2959 879 3012 ut
905 2959 1136 3017 eonsenteneum
1164 2961 1220 3033 est,

120 3054 182 3110 fnit
202 3053 318 3110 animus
339 3045 539 3114 Romanorum
558 3051 591 3112 in
611 3055 791 3128 proditoresr
812 3057 900 3134 „vile
920 3073 957 3116 ao
976 3057 1090 3118 infame
1111 3073 1219 3134 eorpus

192 3252 222 3318 1)
256 3253 318 3306 inv.
334 3251 421 3321 XXX,
435 3254 479 3307 29.
502 3255 539 3306 ef.
557 3254 680 3323 [frontini.
698 3258 821 3324 Strateg.
837 3200 884 3326 fv,
900 3259 928 3324 ’1,
945 3259 973 3310 t.
990 3259 1081 3325 itique
1097 3259 1218 3326 interpr.

190 3369 219 3436 a)
255 3371 276 3422 r.
294 3373 320 3422 a
339 3369 361 3437 5.
380 3375 405 3424 o.
423 3373 456 3438 n.
473 3374 509 3426 ar
534 3361 590 3441 reg'.
609 3373 692 3426 corn.
709 3376 870 3438 perronna
887 3375 1013 3444 (Μ).

191 3491 218 3544 a)
252 3479 271 3540 i.
287 3491 314 3540 r.
332 3491 365 3542 n.
384 3491 420 3542 re
436 3503 470 3544 re
493 3477 607 3547 moriter
624 3492 685 3560 (re,
702 3492 774 3559 ιι.»
803 3495 840 3546 οι.
856 3495 875 3546 r.
893 3493 936 3547 re.
954 3492 977 3560 o.
994 3495 1022 3546 r.
1039 3496 1073 3548 n.
1091 3494 1128 3550 rs
1146 3507 1217 3566 oap-

124 3573 189 3623 uvn
206 3573 270 3641 ore,
288 3574 356 3640 nn).
956 3603 958 3608 ·

193 3673 223 3740 4)
257 3675 357 3740 Polyb.
375 3677 400 3742 1,
418 3675 460 3728 17.
495 3679 607 3744 111‚84.
640 3677 702 3733 Irir.
719 3679 821 3748 XXIV,
837 3679 882 3732 37.
917 3680 986 3747 Epit.
1003 3679 1064 3732 LX.

160 3795 165 3806 ·
189 3773 219 3840 ὅ)
253 3777 362 3843 xxiv,
379 3778 424 3830 20.
460 3779 498 3831 of.
515 3792 539 3830 o.
557 3777 602 3832 46.
908 3790 912 3798 ’

191 3875 222 3942 6)
255 3879 314 3929 Liv.
333 3879 405 3942 Epit.
424 3877 470 3929 ni.

191 3979 223 4038 7)
256 3980 318 4032 inv.
336 3978 430 4045 xxii,
447 3979 494 4032 48.

191 4080 221 4144 8)
255 4079 318 4132 Liv.
331 4081 425 4148 XXV,
438 4083 482 4135 85.

191 4179 221 4239 9)
254 4181 274 4232 1.
292 4180 335 4232 111.
359 4181 381 4249 5.
399 4183 428 4236 4.
445 4185 479 4238 D.
498 4184 532 4238 de
550 4186 748 4258 captivum,
765 4186 832 4256 in).

192 4278 240 4344 10)
256 4279 351 4350 XXV,
368 4283 412 4336 io.
