2958 5162
268 300 413 416 ss'

268 530 368 588 autem
400 525 533 588 tirocinii
560 543 655 590 annos
689 525 735 586 ita
760 525 984 608 transigebant,
1016 534 1051 590 nt
1076 545 1262 608 summopere
1287 530 1378 594 vires

268 645 342 687 sues
368 630 623 706 periclitarentur,
650 645 711 692 non
738 632 818 692 enim
844 634 929 707 prius
956 633 1034 694 bello
1063 635 1164 709 populi
1186 634 1379 696 desistebant

266 745 356 804 quam
376 737 429 792 aut
450 734 577 794 alterurn
596 734 793 810 subegissent
812 739 866 792 aut
885 751 988 808 parem
1015 736 1130 795 viribus
1152 753 1221 796 esse
1248 738 1378 798 intelle-

263 831 394 892 xissent.
416 835 552 907 numque
573 836 697 895 foedera
712 833 893 911 jungebant,
914 841 946 894 et
965 837 1134 911 conjunctis
1155 839 1272 900 uiribus
1295 839 1375 898 edos
1457 854 1458 926 j

267 935 419 1009 petebant.
466 937 523 997 llio
547 941 648 997 autem
669 937 808 996 tirocinio
829 938 943 1013 posito,
971 939 1063 996 aliurn
1084 939 1231 998 adversus
1252 943 1374 999 exteros

265 1039 416 1114 gerebant
436 1036 564 1097 Romani
585 1037 715 1098 animum
736 1042 768 1097 et
787 1039 867 1112 quod
883 1038 948 1112 jam
967 1040 1028 1098 alio
1048 1040 1116 1102 loco
1138 1040 1282 1118 diximus,
1304 1059 1368 1100 ms-

267 1141 431 1215 gistrornnr
456 1155 539 1200 more
564 1153 602 1198 se
624 1156 664 1200 ex
684 1139 833 1216 dignitate
860 1145 892 1200 et
911 1141 1027 1208 meritis
1048 1157 1123 1218 erga
1143 1157 1178 1204 se
1205 1147 1374 1206 exterorum

267 1241 402 1302 rationes
413 1295 415 1303 ,
428 1246 548 1300 mutuas
564 1243 759 1303 constituere
779 1257 898 1316 semper
917 1259 990 1317 pree
1010 1261 1047 1304 se
1068 1245 1221 1321 serebant,
1234 1244 1282 1310 in,
1299 1247 1375 1304 obc-

259 1343 385 1404 dientes
407 1348 439 1402 et
458 1343 565 1402 fideles
586 1343 734 1402 beneficia
754 1346 908 1420 conterre,
929 1345 1066 1407 infideles
1088 1351 1120 1406 et
1139 1348 1218 1406 male
1238 1348 1375 1424 morige-

265 1461 317 1504 ros
337 1446 446 1519 punire
466 1444 760 1505 videbuntur.1dem
781 1445 833 1519 qui
854 1446 906 1504 hio
927 1448 1045 1506 animus
1067 1449 1236 1508 ostenditur
1256 1451 1290 1508 in
1304 1452 1375 1508 toe-

267 1548 372 1607 derum
398 1547 564 1608 rationibus
595 1547 769 1608 ordinandis
795 1563 836 1606 ex
863 1555 959 1622 eoque
992 1553 1037 1607 tot
1073 1550 1186 1626 gradm
1220 1552 1375 1612 foederum

262 1651 418 1726 'originem
446 1651 610 1728 duxerunt,
634 1651 679 1712 tta
704 1651 829 1713 utalia
861 1654 965 1712 essent
990 1652 1175 1724 aequissima
1201 1657 1233 1712 et
1269 1670 1373 1731 aeque,

258 1753 330 1812 ,alie
354 1769 415 1812 non
433 1768 531 1826 aeona
551 1757 583 1812 et
603 1751 801 1830 iniquissima,
822 1752 879 1814 sed
898 1769 938 1814 nc
958 1769 996 1812 ea
1016 1753 1136 1828 qudem
1157 1769 1241 1830 quse·
1257 1758 1370 1818 nomine

257 1855 409 1929 *moralia
434 1860 520 1932 sunt,
541 1871 602 1916 non
622 1855 862 1916 dtrsruntrnter
874 1871 929 1917 se.

273 1973 275 1978 ·
312 1959 384 2016 Non
410 1971 562 2034 nepum,
577 1961 625 2016 ,ιιι
649 1957 772 2032 insigne
793 1959 945 2031 proferam
970 1958 1155 2035 exemplum,
1176 1965 1242 2020 erat
1267 1959 1386 2020 roedm·

257 2063 340 2134 post
356 2059 469 2120 bellum
488 2059 636 2119 Punicum
664 2059 791 2132 primum
818 2059 898 2120 inter
919 2061 1187 2137 Carthaginienses
1210 2067 1240 2120 et
1262 2066 1376 2124 Romn-

257 2176 324 2220 nos
345 2159 438 2218 ictum
458 2163 490 2220 et
508 2159 602 2220 multo
622 2159 821 2234 ruinasques
844 2165 951 2239 postea
970 2162 1050 2222 inter
1072 2177 1125 2222 eos
1146 2165 1271 2240 populos
1293 2168 1379 2224 sacta

268 2266 339 2322 sunt
359 2261 500 2336 foedere,
526 2277 586 2322 non
613 2263 693 2322 enim
719 2264 826 2336 aequis
846 2264 926 2324 inter
945 2265 1270 2338 utrumque-populum
1292 2267 1377 2340 legi-
1460 2273 1461 2316 i

258 2367 326 2427 -bus
347 2363 464 2424 sancite
485 2369 557 2422 sunt
577 2380 675 2437 neque
694 2365 739 2424 ita
759 2369 794 2424 ut
814 2369 922 2424 neuter
940 2367 1070 2440 populus
1091 2367 1227 2439 superior
1248 2365 1376 2441 essen).

266 2471 352 2530 luter
370 2465 508 2526 foedere.
522 2481 582 2525 non
607 2481 705 2538 aequo
731 2467 915 2526 numeranda
941 2483 1013 2526 esse
1033 2468 1175 2526 videntur
1195 2483 1233 2525 ea
1253 2468 1375 2526 foedera

267 2569 300 2629 in
328 2568 437 2643 quibus
464 2567 597 2628 orditum
624 2573 705 2644 erat,
731 2572 768 2626 ut
794 2569 871 2628 alter
902 2570 1033 2644 poprdus
1059 2569 1248 2643 majestatem
1273 2572 1372 2643 popuii

247 2671 397 2732 «Romani
429 2668 554 2730 comiter
587 2674 793 2746 conservaret,
824 2669 953 2744 foedera
985 2671 1081 2746 igitur
1115 2687 1195 2744 qnae
1228 2672 1367 2744 dicuntur,

258 2776 375 2850 condo
395 2768 554 2844 moestus
578 2773 687 2844 popnlt
706 2774 859 2849 mmcd,
886 2787 965 2846 quoe
988 2772 1053 2832 nisi
1068 2773 1132 2830 boc
1152 2773 1296 2835 haberent
1316 2773 1372 2828 ad-

270 2877 479 2950 ditamentum,
506 2872 545 2930 ab
572 2873 678 2945 aequis
711 2873 884 2932 foederibus
917 2889 978 2932 non
1010 2878 1114 2936 essent
1145 2873 1276 2934 diversa.
1317 2875 1377 2934 Sed

256 2977 471 3054 ,sejunguntur
492 2975 530 3034 ab
551 2975 659 3047 aequis
680 2975 853 3036 foederibus
874 2977 961 3036 utin
979 2976 1031 3034 ilio
1048 2975 1238 3051 Digestorum
1259 2977 1377 3050 loco2J=

270 3081 359 3158 „sive
380 3094 477 3150 ecquo
498 3077 621 3136 foedere
641 3077 675 3138 in
695 3076 858 3136 amicitiem
878 3078 979 3154 venit,
1000 3077 1068 3134 sive
1095 3078 1215 3135 foedere
1236 3091 1378 3148 compre-

271 3183 398 3241 hensum
420 3182 482 3256 est,
503 3179 586 3236 ntis
613 3179 743 3253 populus
770 3180 896 3239 alterius
921 3178 1025 3252 populi
1046 3177 1233 3250 majestetem
1254 3180 1377 3236 comiter

272 3285 481 3353 conservaret,
504 3281 562 3339 boc
583 3281 667 3340 eninr·
690 3281 847 3357 adjicitur,
867 3285 903 3340 ut
923 3279 1110 3356 intelligatur
1131 3282 1257 3338 alterum
1277 3295 1376 3353 popu-

272 3388 334 3445 lum
355 3383 539 3456 superiorem
560 3380 664 3442 essc.“
706 3382 879 3456 Eodemque
899 3381 985 3440 modo
1007 3381 1154 3457 Cicero³J
1176 3383 1235 3440 hoc
1255 3382 1377 3438 addita-

273 3490 404 3546 mentum
426 3483 571 3560 explicat,
593 3501 660 3544 cnm
682 3483 770 3542 dicit:
792 3484 991 3560 „odjunctum
1011 3488 1075 3560 est,
1096 3483 1174 3557 quod
1195 3495 1256 3541 non
1278 3490 1326 3542 est
1345 3483 1376 3542 in

274 3588 411 3650 omnibus
438 3585 625 3646 foederibus:
653 3586 840 3659 majestatem
866 3587 969 3658 populi
994 3585 1123 3646 Romani
1150 3585 1275 3642 comitor
1301 3600 1376 3645 eon-

276 3686 467 3762 servant04).
499 3688 535 3745 Id
554 3688 646 3746 habet
665 3688 745 3746 hene
765 3686 842 3764 vim,
863 3691 898 3746 ut
918 3686 959 3747 sit
979 3687 1032 3746 ille
1053 3689 1086 3746 in
1108 3686 1232 3745 foedere
1252 3685 1378 3744 interior

345 3824 376 3882 1)
409 3821 471 3872 Non
495 3821 634 3894 pertinent
656 3821 912 3889 succurrentem,
929 3831 1002 3886 quac
1022 3831 1085 3880 cum
1102 3821 1376 3886 carrtngnnensnus

275 3911 312 3960 de
336 3905 501 3960 commercio
525 3910 554 3957 et
578 3910 755 3957 mercaturae
778 3909 887 3958 ratione
915 3909 973 3959 tcta
995 3910 1062 3974 sunt
1086 3917 1258 3970 quorumque
1289 3905 1376 3955 verbu

275 3993 408 4057 Polybius
426 3991 536 4041 exhibet
554 3990 612 4050 (iii.
632 4003 657 4041 c.
674 3969 752 4040 22-
760 3991 805 4042 26
824 3992 859 4042 cf.
877 3991 939 4042 Lir.
957 3991 1018 4054 vu,
1034 3989 1080 4040 27.
1098 3991 1147 4052 tx,
1165 3988 1214 4038 44.
1232 3990 1377 4052 sponheim

275 4081 295 4132 i.
314 4090 339 4129 e.
363 4075 403 4146 lt,
421 4075 464 4126 10.
489 4089 514 4138 p.
533 4075 627 4138 207),
650 4087 715 4126 nam
737 4086 800 4126 cum
823 4077 857 4125 ιιι
879 4073 1040 4127 foederibus
1062 4067 1143 4126 nobis
1159 4078 1285 4142 resset,
1303 4085 1376 4138 quse

280 4163 359 4216 bellis
375 4161 460 4212 finitis
476 4159 552 4210 iacta
568 4162 642 4214 snut.
864 4171 868 4180 ·

346 4249 378 4305 2)
411 4245 431 4296 1.
450 4244 477 4294 7.
498 4241 880 4313 §.1.D.decapttvts(4t,
899 4245 966 4302 lu).

345 4333 376 4390 8)
409 4341 460 4394 pro
477 4329 559 4380 Balbo
583 4328 626 4379 to.

345 4415 377 4475 4)
410 4413 454 4468 tto
470 4412 645 4468 εοιιιοηιιιιιι
669 4424 733 4467 esse
750 4426 814 4481 pro·
838 4415 1026 4483 commeato,
1044 4413 1139 4470 docuit
1162 4412 1295 4481 egregins
1328 4411 1377 4462 rt-
