2960 5142
235 283 292 360 14

232 463 331 544 igitur
350 478 443 525 sensu
461 463 572 527 beilum
588 463 704 541 iustum
723 467 848 525 vocatur
868 456 1041 525 aliomanis
1061 475 1119 521 neo
1139 459 1229 522 aliter
1234 465 1333 544 pietat,

235 583 314 643 qnae
339 583 401 627 vox
425 567 601 641 saepissime
622 566 851 644 eujtrngitum),
876 582 937 626 non
963 566 1043 624 enim
1068 553 1152 639 prius
1166 581 1257 628 arma
1277 584 1335 626 ea-

234 669 351 745 pienda
365 685 434 728 esse
455 671 616 727 censebant
635 669 772 745 Romani,
794 685 881 742 quarn
901 666 1078 742 perpetratis
1100 667 1236 725 omnibus
1258 685 1335 743 quae

233 773 424 830 aulicorum
445 773 556 829 cultum
576 769 767 843 pertinerent.
809 773 907 840 Quare
932 770 1011 827 idem
1037 769 1162 826 Pontius
1183 770 1335 832 Romanos

131 857 135 872 ⁵
233 873 380 937 illudensc
400 872 532 948 „justum
547 875 594 928 est
608 871 727 947 bellum,
748 871 860 948 inquit,
882 871 989 945 quibus
1009 869 1212 928 necessarium
1232 875 1262 928 et
1281 873 1334 945 pia

235 991 327 1052 arma,
348 975 455 1049 quibus
475 973 558 1031 nnila
577 972 638 1030 nisi
658 972 691 1029 in
712 973 802 1032 armis
822 974 998 1045 relinquitur
1019 971 1159 1047 spes“·²).
1200 965 1333 1050 Egregie

237 1077 297 1135 hac
323 1077 361 1134 de
388 1093 422 1134 re
443 1073 608 1148 disputavit
628 1071 772 1151 titussss),
793 1075 851 1146 cui
878 1076 967 1134 simul
995 1073 1125 1131 ostendit
1150 1089 1209 1131 non
1233 1075 1335 1133 minus

237 1194 325 1251 quam
345 1178 431 1236 nobis
457 1193 495 1235 ca
521 1176 668 1234 vocabule
688 1175 831 1235 Romanis
857 1176 957 1236 inisse
983 1175 1124 1252 ambigna
1144 1180 1175 1233 et
1193 1177 1336 1250 populum

236 1281 400 1339 Romanum
427 1294 519 1351 saepe
545 1277 701 1350 deceptum
733 1293 802 1334 asse
831 1278 886 1335 tali
913 1278 1040 1336 formeria
1066 1293 1086 1333 a
1109 1279 1336 1353 magistratibus

236 1384 268 1452 et
294 1381 514 1456 sacerdotibus,
546 1395 669 1451 quorum
700 1379 877 1452 permultum
907 1378 1067 1436 interesset
1097 1381 1132 1438 ut
1162 1379 1336 1438 militesne
1387 1454 1392 1464 Ι
1467 1363 1468 1372 ¹

183 1558 184 1562 Ἰ
234 1483 391 1570 projesta
412 1498 506 1544 cansa
525 1496 608 1539 arma
628 1479 793 1554 sumpsisse
815 1480 969 1546 crederent
989 1496 1059 1539 nam

363 1600 499 1676 „frangit
520 1602 551 1657 et
571 1597 682 1656 attollit
701 1597 783 1654 vires
803 1596 835 1654 in
856 1597 950 1654 milite
969 1613 1075 1673 causa,
1159 1603 1164 1616 ·
1198 1603 1201 1612 ·
1239 1608 1243 1618 ·

363 1715 461 1778 „quae
481 1699 543 1758 nisi
559 1698 644 1774 justa
663 1697 778 1774 subest,
799 1699 915 1756 excutit
934 1714 1016 1757 arms
1036 1695 1201 1786 pambo),
1280 1723 1282 1733 .

236 1821 312 1889 Ibam
338 1818 376 1877 ob
404 1834 525 1888 causant
549 1821 585 1890 ut
610 1819 722 1889 multae
748 1819 894 1889 iormuiac
922 1821 952 1890 et
973 1817 1173 1894 ceremoniae,
1201 1817 1339 1878 tamdiu

236 1919 350 1988 servati
371 1925 441 1989 sunt
460 1921 536 1991 ritus
557 1920 686 1989 inbelle
709 1920 908 1992 suscipienda
949 1923 1032 1978 Bene
1049 1917 1244 1978 contemptur
1261 1936 1340 2001 quae

236 2019 382 2095 cinerei)
405 2019 478 2090 dicit
493 2019 530 2084 de
542 2019 721 2094 auguribus:
742 2020 1030 2096 „credoliomuium
1051 2023 1195 2086 habuisse
1217 2022 1340 2094 opinio-

192 2119 193 2133 *
238 2139 323 2200 nem,
350 2138 418 2190 esse
444 2123 477 2180 in
501 2121 692 2197 providendis
718 2125 807 2193 rebus
835 2120 1002 2199 augurandi
1024 2121 1180 2180 scientiam
1203 2123 1339 2198 [errabat

239 2225 319 2288 enim
344 2224 446 2284 multis
472 2225 505 2283 in
531 2226 621 2284 rebus
647 2222 827 2301 antiquitas)
854 2242 941 2300 quam
966 2228 1017 2284 vel
1042 2242 1100 2283 usu
1122 2224 1185 2297 jam
1207 2226 1257 2282 vel
1278 2224 1337 2282 do-

238 2326 335 2392 ctrina
360 2328 411 2388 vel
436 2331 587 2394 vetustate
613 2325 795 2395 imminutam
820 2329 966 2394 videmus
1007 2327 1129 2386 Retinet
1130 2342 1166 2384 ur
1188 2329 1285 2408 autem
1307 2329 1338 2386 et

237 2428 277 2493 ari
302 2429 469 2502 opinionem
496 2429 583 2509 vulgi
610 2433 642 2496 et
668 2431 707 2487 ad
726 2447 851 2508 magnas
880 2430 960 2488 utilit
962 2433 1026 2491 ates
1043 2427 1237 2533 reipublicae
1262 2443 1337 2505 mos,

237 2528 356 2610 religio,
377 2528 574 2611 disciplina,
562 2548 614 2604 pus
635 2547 792 2607 augium,
814 2531 935 2606 collegii
957 2533 1026 2594 auct
1015 2521 1199 2586 toritas“

291 2633 451 2703 Postquam
467 2630 658 2712 exposuimus
673 2632 744 2704 quid
760 2634 852 2689 fuerit
865 2649 904 2690 ex
919 2648 1010 2688 sensu
1018 2633 1214 2688 Romanorum
1224 2627 1331 2686 bellum

232 2730 349 2804 justum
361 2733 496 2813 sepium,
507 2732 856 2797 meiinsvidemnr'nobis
866 2733 1003 2806 judicare
1014 2749 1104 2806 posse
1103 2725 1333 2805 d'eFetialibus,

239 2848 362 2905 quorum
383 2849 474 2916 opera
493 2834 573 2898 belia
594 2834 725 2916 antiquis
745 2832 835 2901 Urbis
857 2835 1038 2908 temporibus
1055 2813 1142 2906 J'uste'
1156 2823 1276 2916 incepto
1306 2836 1338 2889 et

234 2933 318 3006 juste
343 2940 432 3010 gesta
458 2951 527 2993 esse
552 2935 700 3000 dicuntur,
733 2935 930 3002 Consentiunt
950 2937 982 3002 in
1008 2937 1065 3000 hac
1085 2951 1119 2994 re
1139 2927 1338 3007 praedicenda

237 3035 375 3111 insignes
393 3037 522 3102 Romani
543 3035 720 3116 scriptores,
742 3037 863 3114 Cicero,
884 3041 982 3094 Varro
1004 3036 1057 3104 alii
1078 3029 1225 3111 et'magis
1247 3035 1339 3092 etiam

238 3135 399 3200 Fetiaiium
428 3137 598 3195 institutum
632 3153 790 3210 eorumque
827 3141 1004 3212 potestatem
1035 3137 1175 3196 laudibus
1212 3139 1340 3195 efferunt

238 3237 416 3304 Plutarchus
439 3242 469 3296 et
490 3237 654 3311 Dionysius
674 3239 741 3296 liaL
773 3240 902 3308 Quorum
923 3238 1129 3296 auctoritatem
1150 3230 1247 3296 secuti
1267 3241 1340 3295 sunt

240 3339 429 3398 recentiores.
441 3340 616 3415 scriptores,
637 3340 689 3413 qui
710 3341 814 3398 autin
836 3340 965 3416 singuiis
982 3339 1277 3399 commentationibus
1300 3339 1339 3396 de

239 3439 407 3505 Eetiaiibus
433 3439 624 3520 confectisss)
650 3441 761 3508 autin
785 3441 855 3508 aliis
880 3441 981 3521 libris,
1008 3442 1165 3528 occasione
1191 3440 1277 3518 data,
1299 3441 1338 3501 de

307 3653 526 3722 1)nrv.1x‚s
544 3657 595 3727 111,
611 3659 658 3714 25

307 3756 339 3824 2)
355 3759 416 3812 lov.
434 3757 527 3825 1x‚1.

308 3857 340 3924 ὃ)
358 3853 510 3917 Geomken
526 3874 581 3914 von
597 3859 651 3914 den
666 3859 793 3914 Fetialen
809 3861 859 3924 des
878 3865 954 3945 aben
969 3865 1054 3935 {torpe
1057 3877 1098 3968 p
1116 3865 1153 3917 37
1168 3875 1233 3959 sqq

307 3959 337 4025 4)
355 3939 478 4025 Propert.
495 3961 572 4027 iiieg.
590 3959 627 4028 V,
644 3963 671 4028 i,
687 3959 731 4014 ol
894 3963 898 3970 '
941 3963 945 3970 '

307 4059 339 4126 ὅ)
356 4063 491 4119 Dedistn.
505 4063 541 4128 n,
554 4062 656 4130 33,70

309 4161 339 4228 o)
356 4161 480 4215 conradi
498 4161 552 4215 ιι.
589 4163 616 4214 J.
634 4163 748 4215 Jensius
765 4159 839 4217 υἱέι.
857 4165 892 4217 oe
910 4164 1063 4238 Fetialibua
1082 4162 1177 4230 populi
1194 4164 1273 4218 Rom.
1291 4153 1345 4215 ina

240 4243 463 4382 Ejusiifercuio
481 4246 556 4301 liter.
582 4259 609 4312 p.
628 4247 754 4304 49-88.
805 4249 897 4306 ubter
915 4248 951 4300 (ic
970 4249 1124 4302 Fetielibus
1144 4251 1238 4316 populi
1254 4249 1333 4301 oon.

239 4330 314 4396 mps,
348 4330 410 4388 ιιι.
427 4330 456 4388 4.

1103 4053 1109 4066 .
1134 4024 1141 4068 i
