2960 5142
1162 307 1213 386 17

109 483 212 550 leole·
227 501 286 546 non
313 487 508 558 suntneque
533 476 669 542 exhibita
688 481 760 542 sunt
779 475 850 540 telis
871 477 1057 544 crudelitatis
1077 487 1214 560 exempla

111 588 270 665 epopeus
291 585 463 645 christianis
484 583 545 642 nisi
564 585 597 642 in
618 583 658 644 iis
679 585 784 661 bellis,
811 584 863 645 ubi
884 583 1019 644 homines
1040 588 1141 645 femore
1158 563 1213 646 re-

110 692 223 768 ligioso
243 689 371 762 correpti
392 702 495 746 omnes
515 689 628 762 hostes,
650 685 701 759 qui
721 685 760 746 de
779 687 869 744 rebus
890 686 1002 746 divinis
1023 689 1111 746 eliter
1123 693 1214 762 atque

112 792 173 868 ipsi
199 783 309 850 sentire
330 789 520 864 viderentur,
546 791 628 846 ferro
648 786 774 862 ignique
793 786 1029 866 exstinguendos
1051 804 1120 848 esse
1141 792 1211 864 opi*

109 893 306 967 natantum),
349 889 433 959 Quod
453 891 561 952 attinet
581 889 619 946 ed
639 889 791 967 captiuos,
816 889 890 947 licet
917 891 1035 964 quidem
1065 891 1211 951 militibus

4 1019 5 1050 ;
108 997 142 1054 in
162 997 340 1072 potestatem
360 1008 444 1050 suem
463 991 603 1067 redigere
630 991 734 1076 hostes
762 993 793 1048 et
816 989 955 1050 libertate
979 992 1119 1072 privare,
1150 1010 1211 1054 non

108 1096 210 1156 temen
236 1091 269 1154 in
295 1093 469 1152 servitutem
495 1093 652 1151 mittuntur
677 1090 790 1164 captivi
817 1091 872 1150 sed
898 1092 976 1151 bello
997 1094 1081 1152 finito
1102 1096 1212 1154 dimitti
1242 1111 1247 1126 ⁸

109 1199 210 1257 solent
236 1195 325 1257 liberi
353 1199 384 1252 et
409 1195 460 1252 vel
486 1193 553 1268 ipso
580 1193 653 1252 belli
680 1196 812 1266 tempore
837 1191 1026 1254 dimittuntur
1053 1195 1123 1254 data
1143 1199 1213 1274 ude,

113 1316 149 1360 se
170 1299 205 1358 in
225 1297 375 1373 praesenti
395 1296 474 1355 bello
495 1307 555 1353 non
574 1295 710 1368 recipere
730 1294 810 1352 velle
831 1311 913 1354 armo
932 1297 1065 1356 hostilio.
1105 1299 1214 1358 llomi-

110 1417 168 1470 mes
195 1398 290 1474 igitur
316 1398 523 1456 clementiores
551 1399 582 1454 et
606 1398 816 1474 generosiores
842 1391 874 1458 in
900 1399 1004 1458 hostes
1029 1399 1105 1460 fecti
1133 1405 1214 1478 sunt,

110 1517 174 1576 que
200 1501 232 1560 in
251 1517 285 1562 rc
305 1499 491 1575 potissimum
512 1499 673 1557 discrimen
694 1499 785 1555 situm
806 1503 854 1556 est
873 1499 952 1558 inter
972 1500 1107 1560 homines
1129 1503 1211 1560 anti-

113 1615 187 1675 quos
208 1606 239 1660 et
259 1600 451 1678 recentiores,
473 1603 500 1660 si
521 1601 631 1662 bellum
651 1603 832 1672 spectemus.
874 1602 944 1660 Non
964 1601 1070 1678 ignoro
1092 1604 1213 1676 quidem

110 1703 207 1778 ipsum
228 1704 301 1761 belli
321 1703 449 1778 gerendi
468 1702 588 1760 modum
608 1704 640 1760 et
660 1717 742 1758 armo
762 1699 877 1759 mutate
896 1703 977 1762 nand
999 1705 1140 1780 exiguom
1161 1710 1212 1762 et-

108 1806 218 1864 tulisse
245 1803 454 1862 differentiam.
507 1804 612 1874 Atque
646 1801 707 1858 alia
739 1817 861 1874 possum
888 1807 1010 1881 efferre,
1044 1806 1077 1864 in
1104 1807 1214 1880 quibus

108 1906 313 1979 conspicietur
341 1900 417 1962 illud
445 1901 604 1962 discrimen
632 1903 686 1962 sed
712 1902 895 1980 gravissima
921 1906 1098 1979 opposuisse
1119 1911 1213 1966 sutd-

2 2071 4 2076 ἲ
109 2006 181 2064 ciet.
223 2006 289 2064 Iloc
309 2017 401 2064 unum
422 2005 580 2080 eudemus,
607 2003 640 2062 in
667 2019 725 2080 quo
751 2005 874 2082 insigne
895 2021 965 2064 esse
983 2007 1124 2074 ¹videatur
1145 2010 1213 2068 diss

108 2106 231 2166 crimen.
281 2107 367 2166 Nulli
387 2107 497 2180 populo
518 2106 640 2179 antiqno
663 2109 766 2164 contra
782 2106 835 2180 jus
856 2109 956 2166 visum
977 2114 1024 2168 est
1044 2113 1120 2170 fines
1141 2119 1213 2170 suos

107 2211 141 2268 et
161 2208 324 2282 potentiam
351 2209 488 2278 omnibus
508 2197 627 2282 mouis,'
649 2223 742 2281 quam
759 2209 887 2266 maxime
908 2211 974 2268 deri
993 2217 1112 2289 posset,
1139 2229 1214 2286 pro-⁵

106 2312 190 2368 ferre
218 2313 309 2384 etque
332 2323 462 2384 augere,
489 2312 579 2380 etque
599 2308 728 2368 Romani
754 2309 909 2382 imperium
931 2327 1019 2370 suum
1038 2327 1093 2386 per
1113 2314 1214 2372 orbem

106 2413 254 2468 terrerum
274 2414 486 2486 propagarunt.
528 2410 613 2480 Quod
634 2411 704 2468 dum
724 2391 856 2487 agebam
875 2413 1019 2489 Romani,
1040 2415 1214 2491 cogitabant

108 2510 229 2586 quidem
257 2509 405 2600 interdum
431 2511 534 2586 populi
561 2513 663 2584 plures
692 2512 730 2570 de
756 2511 966 2586 conjunctione
993 2514 1031 2572 cd
1051 2516 1213 2574 moderen-

107 2612 177 2670 dsm
187 2615 386 2671 Romanorum
406 2597 643 2688 praepotentiam
664 2613 789 2688 ejusque
809 2614 934 2672 ebusum
954 2616 1085 2675 iucunde
1093 2617 1137 2693 ἢ),
1158 2599 1213 2675 sed

107 2717 232 2774 senatus
253 2715 406 2775 Romanus
432 2730 544 2790 magna
571 2733 639 2774 cum
659 2716 819 2800 prudentia
839 2731 956 2789 semper
977 2708 1115 2776 distiuuit
1135 2720 1232 2779 tales»

107 2816 283 2890 populorum
311 2816 546 2910 conjunctiones.
593 2818 714 2894 seculo-
730 2821 829 2875 autem
851 2817 965 2877 decimo
986 2823 1072 2878 sento
1093 2836 1123 2892 p.
1145 2820 1215 2877 Chr.

94 2922 206 2975 ortum
235 2920 282 2974 est
308 2916 388 2974 inter
415 2921 524 2996 gentes
539 2922 693 2990 ,systemc
711 2918 789 2991 quod
809 2925 934 2978 vocatur
954 2921 1124 2993 aequilibrii
1145 2924 1215 2980 llu-

107 3033 216 3094 ropee,
237 3016 325 3092 cujus
346 3017 394 3078 vis
415 3018 448 3076 in
469 3034 506 3076 eo
528 3022 575 3076 est
580 3060 591 3095 ‚
617 3021 653 3076 ut
671 3018 771 3095 legem
792 3023 824 3076 et
842 3009 1053 3080 necessitatem
1074 3022 1132 3079 sibi
1152 3023 1215 3088 im-

106 3120 237 3195 positam
259 3136 327 3179 esse
348 3124 493 3180 censeant
512 3126 621 3198 gentes
647 3121 770 3179 minoris
797 3122 949 3194 potentiae
969 3109 1060 3180 ermis
1072 3173 1076 3181 ,
1090 3127 1121 3180 et
1141 3124 1213 3210 foe·

110 3222 232 3280 denibus
266 3223 501 3295 praepotentiam
529 3222 659 3295 alicujus
685 3221 788 3296 populi
815 3223 1000 3296 praepedire
1053 3215 1106 3282 Ad
1137 3222 1216 3297 quod

108 3328 259 3407 systema,
287 3338 349 3380 nou
369 3339 485 3397 semper
506 3324 626 3400 quidem
647 3324 845 3400 observatum,
865 3328 974 3400 gentes
994 3325 1094 3382 temen
1114 3325 1214 3385 mino-

108 3441 160 3484 res
182 3426 281 3483 solent
300 3439 474 3498 provocare.

195 3528 263 3586 Jam
290 3529 447 3600 postquam
474 3516 550 3584 haec
576 3515 793 3602 proemisimus,
813 3541 873 3584 non
894 3533 959 3583 eam
980 3522 1017 3584 ob
1039 3541 1160 3589 causam
1179 3530 1224 3585 dt

109 3643 191 3688 nova
211 3618 385 3686 doceremus
413 3627 468 3686 sed
495 3632 529 3684 nt
549 3629 641 3686 firmis
662 3628 868 3686 insisteremus
889 3625 1047 3704 vestigiis,
1074 3627 1214 3686 declare-

109 3731 208 3792 nimus
230 3730 389 3788 consilium
409 3729 487 3803 quod
509 3730 691 3803 sequendum
712 3729 799 3787 nobis
815 3727 976 3797 ,videbatur
996 3727 1029 3786 in
1049 3729 1211 3788 adumbre-

110 3832 193 3892 tione
211 3830 290 3905 jnris
311 3830 382 3893 belli
404 3835 435 3890 et
454 3831 539 3904 pecie
560 3833 768 3890 Romanorum.

197 3932 436 4009 Secundum-ee,
457 3949 534 4006 qnae
555 3947 647 4005 supro
667 3929 895 4006 disputavimus,
915 3939 1091 4002 persuasum
1113 3932 1212 3990 hobe-

3 4009 4 4050 ³
109 4049 178 4093 mus
205 4033 355 4094 Romanos
383 4035 473 4113 queo
494 4035 598 4093 dicum
626 4033 679 4107 jus
709 4032 844 4109 gentium
877 4045 994 4106 semper
1028 4033 1134 4092 latiore
1159 4033 1213 4090 illo

181 4180 211 4247 1)
229 4183 385 4236 zacheriae
402 4179 423 4235 l.
441 4195 467 4235 c.
484 4199 510 4248 p.
528 4177 563 4235 99
581 4195 633 4264 sp
680 4209 681 4212 ¹

180 4264 210 4330 2)
228 4265 327 4329 lleyne
349 4267 383 4317 de
404 4267 547 4320 foederum
565 4268 605 4318 ad
615 4267 799 4319 Romanorum
817 4273 885 4328 opes
908 4263 1106 4319 lnmlnneudes
1128 4267 1213 4318 totto-

3 4321 4 4396 Ῐ
111 4357 175 4405 nint
190 4354 298 4406 eventu
316 4363 466 4417 eorumque
485 4356 588 4408 cousin
606 4353 726 4419 ootung.
744 4349 823 4402 178&
841 4349 878 4403 οἳ.
895 4347 1020 4404 Martem
1038 4350 1057 4402 l.
1076 4361 1101 4417 ι.
1120 4347 1214 4415 §.m
