2960 5142
301 343 356 420 26

299 525 376 586 urbe
395 525 492 585 Roma
516 517 649 580 redonas
674 535 743 580 oum
769 516 1107 597 extens,ntll1ueler
1131 523 1220 610 dieii,
1240 526 1403 608 oolleqium

299 627 472 702 Fetialium,
493 623 549 684 sed
568 626 692 683 senatus
711 626 875 684 Romanus.

385 727 518 787 Fetiales
539 726 620 784 haud
640 726 718 786 male
739 729 946 800 comparantur
965 743 986 785 a
1005 728 1139 788 desumo
1161 729 1195 792 in
1214 734 1402 806 praelatione

301 847 394 907 supra
413 832 575 892 memorata
600 845 668 890 oum
688 828 905 902 Jureoonsultis
925 831 958 888 in
978 831 1052 890 urbe
1072 833 1182 910 Rumn,
1203 837 1308 907 quales
1328 855 1401 910 per..

299 933 424 1010 stringit
444 931 551 992 Cioero
580 930 613 990 in
642 932 777 992 oratione
800 948 855 1007 pro
879 934 1020 992 Murena.
1059 937 1173 996 llornm
1198 938 1276 1002 enim
1300 941 1399 996 artiu-

299 1037 381 1096 oium
401 1035 434 1094 in
454 1051 491 1094 eo
512 1038 577 1094 orat
597 1037 632 1094 ut
651 1035 796 1094 romulos
812 1033 892 1107 juris
912 1040 1041 1095 nossent*
1056 1041 1088 1094 et
1108 1038 1147 1095 de
1167 1038 1215 1097 his
1233 1040 1395 1113 responde-

297 1141 367 1197 reut
398 1138 649 1212 oonsulentesque
681 1137 888 1214 admonerent,
915 1153 1041 1212 eumque
1065 1143 1100 1197 ut
1125 1141 1199 1198 dialt
1224 1143 1343 1216 cicero,
1366 1143 1401 1198 iu

300 1238 380 1299 omni
397 1239 467 1316 jure
487 1239 572 1298 civili
583 1238 763 1312 aequitatem
783 1239 990 1318 reliquissent,
1010 1243 1104 1300 verba
1121 1243 1189 1316 ipsa
1198 1241 1402 1316 tenueruntq.

300 1339 385 1414 Quod
405 1342 485 1401 idem
506 1342 668 1403 eonvenite
688 1341 721 1399 ln
735 1338 869 1401 Fetiales
890 1359 951 1401 non
971 1343 1160 1419 negamusil.
1186 1346 1287 1415 Atque
1308 1345 1404 1402 multa

297 1450 455 1520 praeterea
482 1447 553 1506 suut
576 1442 611 1502 iu
632 1440 704 1515 jure
728 1443 840 1501 Fetiali
867 1449 899 1502 et
922 1445 1083 1504 Fetlaliuui
1110 1447 1297 1521 muneribus,
1324 1461 1404 1518 quae
1472 1439 1473 1448 ’

299 1552 369 1621 apte
388 1548 596 1622 comparentur
618 1559 686 1604 oum
710 1543 858 1605 institutis
880 1545 960 1621 juris
981 1548 1091 1620 privati
1114 1553 1145 1605 et
1164 1561 1245 1605 more
1263 1547 1419 1619 judieioe

297 1665 379 1727 rum,
401 1650 551 1708 derebus
578 1643 706 1718 privatis
734 1645 935 1718 dijudioaudia
955 1650 1070 1708 Romae
1089 1649 1308 1724 institutorum,
1331 1665 1404 1706 eas-

298 1753 425 1826 demque
453 1753 521 1809 fere
555 1747 679 1825 regulas
707 1749 850 1808 tenebant
876 1751 1004 1809 Romani
1030 1750 1063 1808 in
1090 1751 1304 1808 oontroversiis
1338 1767 1405 1810 oum

298 1854 420 1929 populis
442 1850 597 1926 externis,
625 1863 702 1922 queo
724 1850 867 1908 valebant
891 1851 925 1912 iu
945 1852 1049 1912 lidius
1068 1852 1148 1910 iuter
1173 1851 1311 1911 homiues
1338 1853 1403 1926 pri-
1466 1852 1469 1903 l

292 1960 395 2015 ratos.
436 1955 524 2014 Siout
543 1949 762 2023 antiquissimis
789 1951 971 2025 temporibus
991 1969 1059 2012 oum
1079 1951 1160 2028 legis
1181 1954 1316 2010 actiones
1338 1956 1400 2012 llo-
1466 1916 1470 2043 1

291 2072 365 2116 mae
384 2056 527 2114 valebant
546 2057 579 2111 et
598 2053 679 2141 apud
698 2052 860 2112 Pontilloes
882 2058 983 2129 eraut,
1003 2055 1177 2126 liparutum
1203 2056 1303 2114 luisse
1330 2071 1404 2112 eon..

299 2151 363 2216 stat
385 2161 480 2219 totum
506 2157 628 2214 forense
660 2153 829 2228 negotium,
853 2155 994 2228 priorque
1021 2152 1089 2226 ejus
1120 2169 1207 2231 pars,
1239 2171 1316 2229 quae
1342 2160 1406 2214 erat
1468 2190 1470 2203 ·

298 2263 334 2320 in
352 2257 428 2332 jare
464 2257 575 2330 auique
601 2256 786 2330 praescripta
807 2260 893 2318 erant
914 2257 1011 2317 uerba
1038 2255 1175 2331 legitima
1202 2260 1233 2316 et
1259 2260 1335 2317 ritus
1367 2275 1405 2317 aa

298 2358 479 2436 symbola³],
500 2359 696 2432 praeparabat
718 2356 757 2416 od
777 2356 901 2414 alteram
911 2359 1060 2418 aetionem
1070 2361 1104 2416 in
1115 2354 1251 2436 jeadieio,
1269 2360 1406 2418 similiter
1467 2390 1469 2405 .

290 2465 429 2539 mellum,
457 2475 516 2534 quo
543 2459 726 2533 dijudioatae
749 2460 825 2516 ,sunt
850 2472 901 2516 res
928 2459 968 2517 de
1000 2460 1109 2532 quibus
1137 2461 1293 2520 oontentio·
1312 2467 1405 2538 esset,

300 2563 497 2623 anteeedebat
522 2575 623 2623 rerum
654 2558 811 2634 repetitio,
839 2573 918 2632 quae
946 2561 1038 2619 llebat
1063 2577 1118 2634 per
1141 2564 1236 2626 verba
1261 2564 1405 2621 solemnia

298 2682 357 2726 neo
384 2665 452 2726 siue
478 2663 570 2727 oertis
596 2661 706 2722 ritibus
734 2664 766 2721 et
791 2661 978 2724 aeremouiis.
1020 2664 1104 2732 Quae
1130 2665 1243 2739 omnia,
1266 2661 1295 2718 si
1316 2662 1400 2732 justo

299 2768 403 2829 ordine
423 2768 603 2846 peregerant
625 2754 759 2822 Fetiale's
777 2763 917 2836 Deosque
937 2765 1041 2836 testati
1062 2770 1148 2824 erant
1173 2767 1221 2826 his
1241 2758 1397 2834 verulslpz

299 2869 410 2949 „Audi
436 2869 554 2942 Jupiter
572 2870 612 2926 -et
635 2868 671 2928 tu
694 2865 789 2939 Juno,
818 2863 958 2941 Quhine,
985 2866 1087 2940 diique
1116 2883 1218 2926 omnes
1242 2865 1402 2938 'caelestea

298 2987 415 3045 vosque
439 2973 614 3042 terrestres,
634 2981 750 3040 vosque
775 2965 888 3024 inierm
908 2964 1011 3025 audite
1037 2967 1120 3026 eto.“
1141 2973 1203 3026 tum
1231 2969 1269 3024 lia
1295 2971 1402 3023 eonte-

299 3079 382 3134 aloto
402 3068 509 3146 erati)
531 3074 563 3129 ei
580 3070 685 3128 Marte
698 3066 806 3140 judice
826 3068 910 3126 litem
922 3072 1175 3144 persequebantur
1194 3066 1284 3142 reio).
1302 3067 1405 3127 spui.

298 3173 457 3236 litudinem
490 3171 580 3229 etiam
609 3170 738 3244 produnt
768 3170 909 3242 temporis
945 3171 1090 3244 quaedam
1128 3171 1226 3248 spatia
1257 3170 1405 3246 legitima.

288 3277 336 3338 *Si
363 3274 443 3335 euim
470 3277 540 3348 post
564 3288 663 3334 rerum
693 3270 901 3344 repetitionem
926 3288 980 3346 per
1000 3274 1134 3333 Fetiales
1165 3277 1276 3332 faomm
1306 3271 1405 3328 tribrus

251 3391 254 3402 ¹
301 3382 334 3438 et
352 3376 479 3454 triginta
500 3375 606 3435 diebus
626 3388 676 3432 res
696 3389 757 3432 uon
777 3373 912 3432 redditae
935 3380 1058 3453 essent,
1079 3377 1118 3438 da
1137 3377 1215 3438 lello
1235 3377 1302 3434 orat
1322 3374 1404 3432 deli-
1469 3393 1470 3460 ι

328 3619 331 3624 Ι
369 3543 398 3612 1)
432 3539 641 3608 propinare.
674 3542 711 3593 el.
728 3553 778 3606 pro
801 3539 923 3594 caeema
945 3543 991 3596 23.

369 3644 399 3712 8)
431 3631 554 3697 llleoulrr
575 3645 609 3696 la
626 3641 660 3692 (i.
682 3643 760 3694 Torn-
777 3641 826 3695 ΙΙΙ.
843 3657 869 3707 p.
886 3643 947 3695 211.
965 3657 1007 3709 rq.
1026 3649 1055 3697 et
1071 3659 1098 3708 p.
1114 3641 1178 3698 481.

371 3763 401 3829 8)
435 3753 531 3815 Keller
553 3758 622 3814 iiber
638 3761 898 3822 Litiseontestatlou
919 3763 1102 3819 ιιι-11111611
1124 3763 1196 3820 uaolr
1219 3763 1400 3819 oleastrorum
1468 3721 1469 3775 ἒ

304 3850 383 3905 lilim.
401 3849 498 3901 Redit.
532 3843 652 3912 zinci,
668 3846 730 3898 827.
753 3848 780 3896 8.
802 3859 828 3909 p.
847 3848 874 3900 8.

371 3948 403 4018 4)
437 3950 499 4000 biv.
516 3947 550 4016 1,
569 3950 616 4002 32.

371 4048 401 4115 ll)
435 4051 478 4102 lio
497 4061 584 4100 reueu
605 4051 659 4101 liae
684 4048 942 4115 formulautimur,
964 4061 1045 4112 quem
1068 4015 1403 4111 antiquisslrrunrfulsre
1467 4075 1468 4080 κ

303 4138 360 4188 litis
384 4135 595 4187 oonteslalionls
619 4135 748 4185 eruesti
769 4137 900 4199 lmprimls
917 4135 978 4185 loeo
995 4132 1031 4198 (s.
1049 4148 1075 4183 v.
1096 4136 1251 4185 contestari
1272 4148 1297 4200 p.
1317 4135 1351 4186 31
1371 4139 1402 4184 el
1466 4165 1467 4208 ,

302 4220 361 4285 ll.)
380 4220 472 4271 docuit
489 4219 586 4269 Keller
603 4221 622 4270 l.
639 4219 658 4270 l.
683 4233 710 4284 p.
729 4219 755 4270 1.
779 4233 838 4284 sqq.

257 4313 258 4316 ’
370 4325 400 4382 6)
433 4323 523 4372 ileum
546 4321 657 4383 antiquo
680 4331 809 4370 sermone
832 4331 850 4367 a
867 4319 997 4370 llomaulr
1013 4325 1162 4386 utrumque
1186 4334 1221 4372 ex
1245 4319 1401 4386 litigatorl-

303 4408 354 4458 bru
372 4405 476 4460 dietum
492 4414 574 4471 erae,
590 4406 687 4458 uotum
703 4406 757 4456 eet.
792 4403 914 4455 durren.
933 4402 967 4455 de
984 4404 1019 4457 V.
1038 4409 1065 4457 ll.
1089 4420 1113 4462 a
1131 4423 1158 4460 v.
