2960 5142
1166 371 1212 439 11

200 555 262 617 Sed
287 567 461 630 quamquam
488 549 593 629 negari
614 565 674 620 non
694 554 793 625 potest
810 549 890 624 iuris
910 547 1045 628 gentium
1066 545 1216 610 notionem

113 657 337 736 angustioribus
349 655 460 717 finibus
476 669 535 719 uon
556 651 710 728 contineri,
732 667 801 712 esse
821 651 916 730 igitur
932 652 985 725 jus
998 651 1133 728 gentium
1145 651 1213 710 Ro·

116 773 267 820 manorum
293 773 379 816 omno
403 755 456 828 J‘us
483 769 541 830 quo
570 771 671 815 omnes
699 757 808 832 gentes
837 759 975 830 utantur,
1002 769 1094 827 saepe
1114 757 1214 810 tamen

115 859 258 934 adjiciunt
279 857 392 932 aliquid
418 857 450 916 ln
470 856 641 916 delinitione
669 857 719 914 vel
746 854 848 932 optimi
868 860 1003 915 veterum
1019 853 1214 929 iureconsul-

114 965 217 1030 torum
261 943 458 1030 Quaerentes¹
473 959 568 1034 enim,
596 974 672 1034 quae
694 957 735 1014 sit
756 973 848 1015 causa
869 962 900 1015 ct
920 959 1006 1033 origo
1028 956 1118 1030 liujus
1136 953 1215 1039 juris

111 1063 192 1137 opud
219 1077 322 1121 omnes
349 1065 456 1137 gentes
477 1059 649 1137 conspicui,
676 1060 821 1119 rationem
851 1058 979 1118 hominis
1007 1059 1119 1117 iontem
1145 1063 1216 1114 esse

112 1163 323 1240 intelligebant
339 1161 418 1236 juris
439 1163 574 1239 gentium
594 1177 651 1220 nec
670 1176 738 1221 raro
759 1161 817 1219 hcc
838 1160 870 1218 in
890 1161 958 1233 ipsa
971 1158 1141 1218 definitione
1162 1158 1215 1214 ei-

112 1270 215 1324 ferunt
235 1267 270 1323 ut
291 1263 425 1340 tiniosi)
446 1265 498 1339 qui
519 1264 563 1320 lta
582 1263 725 1336 loquitur:
755 1261 853 1337 „quod
873 1260 1018 1320 naturalis
1038 1259 1116 1319 ratio
1136 1258 1215 1320 inter

95 1383 218 1448 ,omnes
247 1365 380 1424 homines
407 1365 576 1442 constituit,
612 1365 644 1423 id
672 1350 752 1440 apud
779 1379 881 1422 ornnes
909 1363 1036 1438 populos
1067 1375 1215 1438 peraeque
1258 1421 1259 1428 χ

114 1467 280 1528 custoditur
299 1471 483 1541 voceturque
499 1467 552 1542 Jus
572 1467 736 1544 gentium.“
784 1465 974 1525 Ederendum
1002 1465 1054 1523 lrio
1073 1467 1121 1522 est
1142 1477 1215 1520 ver-

114 1571 360 1645 bumconstitutq
384 1569 463 1642 quod
476 1569 604 1644 additur,
625 1566 789 1626 naturalem
809 1567 952 1626 rationem
973 1564 1135 1624 adduxisse
1156 1564 1216 1622 lra-

116 1671 210 1732 mines
238 1671 277 1728 ed
305 1670 544 1729 constituendum
565 1669 640 1727 illud
657 1669 724 1752 Jrrn,
752 1685 810 1727 non
839 1668 914 1725 tenti
940 1665 1079 1726 momenti
1108 1671 1154 1722 est
1182 1667 1217 1723 ut

98 1776 253 1832 accurata
274 1771 406 1830 definitio
427 1773 486 1830 lroc
507 1771 706 1828 additamento
728 1771 826 1844 egeat.
869 1771 946 1828 Sunt
972 1769 1051 1829 enlm
1078 1765 1218 1826 instituta

113 1875 244 1934 omnium
264 1871 400 1947 gentium
417 1870 487 1944 jure
509 1871 696 1946 confirmata,
724 1869 833 1942 quibos
859 1875 1006 1944 repugnet
1025 1867 1103 1926 redo
1124 1871 1217 1927 nuu-

113 1975 187 2032 rslis
208 1975 243 2029 ut
263 1966 455 2046 servitutit).
496 1971 566 2031 Non
587 1975 686 2029 autem
706 1971 811 2034 mirum
832 1975 895 2045 est,
922 1973 956 2028 ut
977 1968 1100 2044 exponit
1120 1969 1216 2030 Dirlr-

113 2071 208 2150 seni)
231 2071 372 2150 egregios
389 2071 611 2144 jureconsultus
631 2072 781 2130 Romanos
802 2071 834 2132 la
855 2071 1030 2136 deliniendis
1046 2085 1144 2130 rerum
1156 2085 1216 2129 no-

113 2175 244 2234 tionibus
265 2187 326 2230 nan
346 2173 444 2248 magis
469 2173 568 2231 inisse
596 2179 753 2233 naturales
780 2177 813 2232 ut
833 2174 977 2234 rationem
998 2173 1143 2234 heberent
1161 2187 1216 2232 re-
1275 2239 1278 2251 Ι

112 2293 178 2335 rum
199 2280 259 2334 tam
281 2274 365 2332 dubii
385 2271 535 2348 momenti,
556 2289 625 2331 nam
646 2273 867 2335 coutroversiae
888 2275 1056 2332 scholarum
1076 2274 1214 2333 adduxe-

113 2383 181 2436 rant
202 2393 254 2434 cos
275 2379 310 2433 ut
331 2377 508 2446 quaerentes
529 2372 567 2430 de
594 2373 741 2433 institutis
757 2374 852 2451 juris,
880 2391 989 2433 causas
1010 2391 1111 2436 eornm
1131 2373 1215 2436 inte·

113 2481 209 2535 riores
232 2478 401 2550 spectarent
421 2477 509 2549 atque
530 2473 683 2549 explicare
704 2475 858 2535 studerent
866 2475 909 2551 ⁴).
951 2477 1009 2548 Qui
1022 2482 1141 2554 praeter
1157 2477 1213 2551 ju-

113 2578 300 2638 reconsultos
323 2577 375 2651 jus
403 2577 538 2652 gentium
565 2577 717 2651 explicant
747 2579 907 2654 scriptores
927 2579 1070 2656 Romam,
1097 2594 1220 2651 semper

112 2679 179 2738 ieie
199 2679 354 2752 requirunt
379 2682 415 2736 ut
442 2677 602 2738 conveniet
629 2695 696 2738 cum
719 2679 789 2751 jure
817 2680 944 2738 natorcli
970 2681 1060 2754 idque
1085 2681 1213 2740 maxime

113 2783 239 2838 efferunt
259 2786 293 2838 ut
315 2778 471 2855 Cicero⁵].
505 2781 547 2839 lit
565 2781 617 2838 vel
633 2779 832 2853 iureconsulti
853 2782 1019 2856 promisere
1040 2781 1144 2842 dicunt
1160 2781 1213 2854 jus

114 2887 238 2940 naturae
259 2885 290 2938 et
305 2879 357 2953 jus
378 2881 523 2956 gentium,
543 2879 748 2954 philosophico
768 2881 863 2958 igitur
884 2899 986 2959 sensu,
1007 2883 1035 2941 sl
1056 2884 1099 2941 ite
1112 2883 1213 2950 dicere

112 2982 193 3058 licet,
215 2985 395 3054 occeperunt
412 2979 463 3051 jus
485 2979 619 3056 gentium
640 2983 683 3040 lta
702 2989 736 3041 ut
758 2983 798 3040 sit
815 2981 867 3057 jus
889 2985 967 3057 quod
987 2984 1063 3042 ratio
1084 2987 1212 3043 oritura-

111 3084 151 3141 lis
180 3083 342 3140 constituit.
392 3085 480 3140 Hunc
508 3081 602 3157 igitur
629 3098 749 3142 sensum
771 3085 822 3158 qui
843 3087 984 3161 probant,
1012 3085 1125 3144 nullum
1145 3091 1212 3141 sta-

112 3189 200 3242 tuunt
220 3185 379 3241 discrimen
399 3183 479 3246 inter
495 3183 548 3256 Jus
569 3186 703 3259 gentium
725 3191 755 3243 et
779 3188 831 3260 jns
852 3189 988 3258 naturale
1009 3203 1107 3261 neque
1123 3188 1212 3262 J'uxte

112 3290 225 3360 ponunt
242 3285 293 3358 jus
315 3285 463 3362 gentium,
481 3285 533 3358 jus
554 3288 689 3348 naturale
710 3293 740 3344 et
757 3288 809 3360 jus
830 3288 920 3348 civile
941 3290 995 3348 sed
1016 3290 1212 3366 distinguitur

113 3389 150 3446 elr
170 3387 209 3445 iis
217 3386 300 3460 juse
322 3383 436 3444 ratione
457 3393 552 3456 crtum
573 3389 640 3447 sive
657 3388 709 3463 jus
730 3389 864 3465 gentium
885 3407 904 3446 a
922 3391 990 3463 jure
1011 3391 1131 3466 legibus
1152 3405 1210 3464 po-

111 3487 176 3564 puli
197 3487 324 3549 Romani
351 3491 383 3544 et
410 3487 516 3549 edictis
536 3489 763 3566 magistratuum
784 3491 988 3567 constitutit).
1030 3491 1210 3556 Rectissime

181 3673 211 3737 1)
227 3671 249 3724 1.
267 3670 290 3737 q.
307 3672 333 3723 1.
352 3673 388 3730 ot.
407 3671 428 3723 l.
446 3669 469 3736 i.
487 3671 546 3724 ise.

180 3758 212 3821 a)
230 3757 252 3824 5.
268 3760 296 3810 2.
313 3761 341 3812 J.
360 3758 395 3810 do
408 3755 431 3824 j.
449 3770 477 3810 n.
494 3771 522 3823 g.
539 3762 570 3810 et
586 3758 656 3823 olor
675 3759 794 3818 linkseu
810 3761 830 3813 l.
846 3759 865 3812 i.
882 3773 909 3825 p.
929 3761 955 3814 9.
1029 3779 1034 3788 “

249 3876 256 3892 .
274 3845 300 3894 6.

181 3839 212 3991 23
229 3857 360 3978 ¹l’sldernus
374 3927 418 3978 iric
435 3927 506 3990 quod
521 3925 683 3992 saepissime
695 3929 762 3979 licei
776 3927 928 3979 observare
943 3926 1208 3982 delinitioneslcto·

112 4025 173 4064 rum
190 4013 376 4066 Romanorum
396 4013 469 4062 iraod
496 4025 561 4064 raro
578 4013 684 4061 rectius
701 4013 837 4064 nominari
861 4009 1059 4074 descriptiones
1084 4014 1118 4065 ad
1133 4013 1206 4088 ‚lan-

113 4097 174 4148 dem
197 4107 279 4176 quam
296 4102 446 4152 accuratas
468 4097 656 4158 definitiones,
692 4099 728 4146 et
751 4095 840 4148 Falclr
861 4096 1012 4160 lincyclop.
1032 4096 1092 4159 (dte
1108 4097 1208 4164 Ausg.)

131 4185 183 4231 .8.
200 4184 294 4231 noeti
967 4188 973 4204 ⁴

113 4196 129 4246 1²
180 4265 211 4331 a)
229 4215 343 4316 Tusciui.
361 4265 509 4331 disputet,
528 4267 573 4332 13,
590 4265 640 4318 ³0:
659 4268 731 4316 omni
748 4268 839 4317 arrtem
855 4265 883 4314 irr
899 4275 932 4316 re
949 4264 1070 4316 omniun
1086 4267 1207 4331 gentium

114 4353 260 4403 consensio
278 4350 323 4400 lex
338 4356 456 4402 naturae
473 4353 594 4416 prrtunda
611 4356 662 4403 est.

180 4431 208 4496 e)
226 4433 245 4484 l.
264 4431 296 4484 11
315 4433 347 4486 i).
366 4435 398 4486 de
411 4431 435 4500 j.
454 4443 483 4487 et
495 4431 518 4501 j.
536 4435 621 4504 (t,i.)
640 4438 657 4489 l.
676 4434 710 4488 31
728 4435 761 4486 ll.
782 4433 901 4499 depositi
918 4434 964 4484 vel
982 4437 1082 4486 contra
1100 4433 1208 4502 tide).
