2960 5142
1156 369 1207 440 21

114 553 193 611 stem
213 546 381 625 nir-meni)
402 563 470 607 cnm
490 542 565 605 dicit
580 543 651 620 jura
670 541 800 606 Fetialia
819 545 853 608 in
872 547 939 608 loco
960 545 1060 610 Servii
1080 566 1209 611 accura-

115 659 148 710 te
169 651 341 728 disjungis
367 636 580 724 supplementis
601 649 663 706 illis
683 650 746 708 IIII
765 651 940 708 tabalarum.
981 652 1111 710 Accedit
1132 654 1210 728 qnod

116 753 202 811 locus
221 753 322 824 plures
344 751 443 812 Servii
463 751 639 809 manifestos
660 766 775 807 errores
795 753 902 825 prodit.
943 753 1028 822 Quod
1045 755 1211 814 enimcon·

119 854 196 912 cludi
216 869 307 927 posse
328 853 448 910 videtur
472 869 512 911 ex
532 851 633 909 verbis
654 850 729 927 illis,
757 854 906 912 Romanos
927 857 1058 930 ternpore
1079 859 1210 916 Decem-

7 949 9 988 ³
117 956 247 1013 virorum
273 955 400 1028 petiisse
417 953 487 1026 jura
506 954 635 1012 Fetialia
655 968 675 1008 o
694 953 838 1031 Faliscis,
864 957 1012 1014 refellitur
1033 959 1090 1016 hoc
1111 959 1211 1017 omni-

7 1037 11 1088 ἷ
114 1056 172 1128 bus
189 1059 329 1114 vveterum
349 1056 536 1114 testimoniis.
577 1055 699 1113 Falsum
720 1056 752 1112 id
773 1072 890 1129 qnoque
911 1062 958 1114 est
977 1058 1120 1120 inservii
1137 1078 1211 1120 ver.

103 1160 178 1235 isis,
206 1156 285 1232 qnod
310 1157 383 1214 dicit
408 1157 601 1218 Decemviros
626 1157 735 1214 missos
763 1170 832 1215 esse
857 1159 896 1214 ad
920 1160 1072 1238 Faliscos,
1099 1167 1211 1222 certum

101 1249 196 1319 enim
217 1264 266 1318 est
286 1261 476 1318 Decemviros
503 1261 620 1315 creatos
647 1273 715 1315 esse
742 1275 809 1316 cnm
835 1260 951 1316 reversi
973 1267 1075 1318 essent
1096 1263 1211 1323 err-itt-

114 1379 189 1422 nere
209 1362 303 1436 legati
324 1377 398 1436 qnos
419 1362 458 1419 ari
478 1361 633 1418 nonnullos
644 1360 750 1418 Italiae
771 1366 803 1418 et
823 1362 968 1418 Graeciae
988 1363 1113 1435 populos
1134 1366 1211 1422 mis-

116 1479 170 1522 sos
191 1478 258 1520 esse
269 1463 432 1537 scriptores
446 1462 614 1536 traduntss).
657 1451 758 1521 Servii
777 1462 872 1537 igitur
892 1463 1070 1521 auctoritate
1089 1465 1212 1543 rejecta,

116 1565 224 1622 desunt
248 1565 337 1621 nobis
356 1563 532 1622 testimonia
547 1579 625 1636 qnae
644 1563 677 1620 in
698 1565 761 1622 XII
780 1565 897 1622 tabulas
917 1565 1031 1638 pentem
1048 1553 1211 1638 jurisFe-

83 1732 89 1739 ,
114 1666 195 1724 tiaiis
214 1667 366 1738 receptam
386 1681 454 1723 osse
473 1666 615 1742 prodant,
639 1665 672 1722 id
693 1665 771 1738 quod
790 1681 846 1739 per
865 1683 899 1723 se
919 1666 1039 1746 minime
1059 1670 1214 1728 verisimi-

113 1767 144 1826 ie
167 1768 228 1844 est,
255 1781 324 1824 nani
347 1765 399 1838 jus
420 1767 608 1824 Pontificium
633 1781 693 1822 non
718 1767 778 1822 fuit
803 1768 836 1822 in
854 1769 917 1826 XII
937 1769 1054 1826 tabulas
1075 1771 1211 1848 relatum,

58 1927 67 1946 ⁸
113 1870 170 1929 sei
195 1869 228 1925 in
253 1866 339 1923 libris
361 1867 488 1922 secretis
507 1865 704 1938 perscriptum
725 1881 744 1921 s
763 1867 957 1926 Pontificibus
979 1885 1065 1942 quarn
1085 1872 1213 1930 maxime

114 1968 296 2027 occultatum
318 1969 378 2040 est,
404 1980 444 2022 ne
470 1965 677 2041 ‹iivulgaretnr
702 1984 769 2025 cunr
796 1969 871 2025 olias
893 1971 930 2026 ob
953 1985 1060 2028 causas
1087 1976 1150 2030 tarn
1171 1974 1211 2030 iis

114 2065 408 2140 oertctemporibns,
429 2067 537 2139 quibus
557 2068 682 2126 Petrioii
702 2069 800 2126 omnia
820 2071 961 2130 tenebant
981 2074 1157 2152 sacerdotia,
1176 2079 1212 2133 ut

112 2171 200 2254 plebs
221 2169 348 2230 consilia
374 2184 431 2228 sna
451 2168 596 2252 adjuvare
622 2170 829 2246 cogeretnrssj.

483 2479 819 2617 canori

111 2691 172 2770 De
180 2694 264 2794 jure
276 2691 369 2798 apud
381 2693 563 2773 Romanos
575 2693 613 2770 in
622 2694 806 2798 principiis
821 2693 991 2778 bellorum
1003 2699 1213 2806 conspicuo.

178 2873 181 2883 ¹
201 2865 300 2942 „Belli
321 2869 466 2943 sequium,
487 2868 584 2940 inquit
605 2867 762 2944 Cicero4),
782 2824 970 2929 sanctissime
991 2871 1088 2929 seneli
1107 2871 1214 2944 popuii

112 2966 241 3026 Roman-i
263 2967 332 3038 jure
359 2969 526 3043 perscripta
552 2972 608 3026 est.
653 2973 703 3028 Ex
730 2986 787 3044 quo
813 2971 949 3048 intelligi*
968 2977 1067 3046 potest
1091 2973 1212 3031 nullum

113 3070 223 3127 betium
243 3065 450 3146 essejostom,
476 3072 537 3130 nisi
564 3073 645 3146 qood
665 3077 721 3130 out
740 3075 830 3157 retus
849 3076 985 3146 repetitio
1008 3075 1216 3148 perator-out-

23 3245 26 3251 *
113 3170 331 3229 emunctorum
357 3179 430 3231 onte
455 3176 551 3233 sicet
576 3173 753 3232 indicmm.“
793 3177 880 3232 Hanc
904 3175 1086 3248 potissimam
1112 3176 1212 3233 tuisse

113 3273 213 3348 legem
230 3270 309 3344 juris
329 3275 454 3334 Fetieiis
475 3277 568 3333 multa
589 3276 741 3333 declarant
761 3275 979 3350 testimonii),
1000 3277 1091 3333 habet
1108 3277 1212 3335 'tamen
1305 3269 1309 3282 “

112 3389 199 3434 suam
227 3375 441 3438 timouttatem.
488 3377 619 3436 Multum
646 3378 725 3439 enim
751 3378 830 3434 omni
855 3381 986 3453 ternpore
1012 3378 1210 3450 disceptatum

181 3560 211 3621 1)
227 3558 391 3612 Uebcrsioiii
414 3556 464 3608 der
485 3559 645 3626 bichengen
658 3562 804 3616 versuciis
826 3573 879 3616 sur
895 3562 989 3614 Kritilr
1005 3561 1062 3614 uni
1077 3563 1211 3615 IIcrstei·

113 3645 182 3710 iung
199 3644 248 3696 des
268 3646 372 3694 'rextes
390 3643 440 3692 der
457 3643 860 3710 Zwtili-'I'afel-Frognrcote
877 3651 986 3710 11639.

182 3729 217 3791 2),
230 3715 331 3778 Similis
354 3737 437 3780 error
460 3730 505 3775 est
527 3728 668 3792 Pomponii
684 3731 704 3784 1.
720 3732 746 3782 2.
770 3729 792 3795 1.
809 3730 837 3780 4.
854 3731 888 3780 D.
912 3731 947 3780 de
971 3743 999 3786 o.
1015 3724 1040 3798 j'.
1058 3729 1096 3796 (1,
1111 3727 1150 3794 2.)
1169 3731 1205 3782 ct.

113 3813 254 3865 zimmern
272 3811 370 3862 [isson.
388 3811 436 3860 des
453 3810 532 3861 litim.
549 3805 740 3864 Privatrecitts
760 3815 792 3866 Τ.
808 3815 829 3864 i.
847 3829 873 3876 p.
892 3817 938 3866 95.

183 3895 212 3962 8)
237 3894 359 3947 conradi
382 3895 417 3946 de
439 3895 592 3947 Iietteliius
614 3901 645 3949 et
662 3895 729 3964 jure
752 3887 854 3950 Fetiaii
876 3897 969 3966 popuii
988 3897 1068 3952 liora.
1089 3899 1207 3950 iIelrnst.

112 3981 194 4035 1⁷34.
211 3981 239 4031 4.
258 3993 319 4044 cap.
330 3979 386 4030 111.
404 3977 427 4044 ξ,
444 3979 470 4032 7.
1040 4007 1048 4020 ·

181 4063 496 4131 wmffitmffi
568 4110 572 4122 ,
697 4109 789 4124 ,,.

184 4146 215 4210 s)
238 4147 295 4198 cic.
318 4135 353 4197 de
374 4150 449 4214 legg.
467 4149 509 4214 ΙΙ,
525 4149 558 4214 9,
574 4147 619 4200 21.
658 4149 748 4202 Varro
767 4150 800 4202 rie
817 4151 836 4202 i.
853 4151 872 4204 1.
890 4153 923 4202 V.
942 4147 1023 4214 181.
1040 4165 1067 4214 p.
1087 4149 1130 4202 at.
1150 4147 1206 4214 (ed.

115 4229 383 4294 0.Miilieri).1)ion.
401 4235 464 4283 ilai·
481 4234 564 4289 Arcti.
579 4235 614 4299 Π,
631 4236 674 4284 w.
699 4236 767 4286 Prot.
786 4235 892 4290 Caruili.
911 4237 954 4292 18.
977 4235 1056 4292 Noun
1074 4235 1116 4288 12.
1134 4236 1205 4284 Non.

114 4322 203 4372 Maro.
226 4315 287 4381 XII,
308 4315 354 4367 4³.
401 4316 498 4369 Isidor-
520 4318 614 4386 origg.
641 4317 744 4385 xviii,
768 4319 791 4370 1.
814 4320 850 4374 ci.
875 4320 996 4376 conradi
1017 4320 1037 4372 1.
1059 4321 1078 4372 1.
1103 4318 1152 4385 lv,
1181 4320 1203 4368 1.

115 4421 138 4470 o·
157 4405 193 4456 4³
210 4415 268 4468 sm·
905 4433 906 4436 ¹
