2960 5142
1136 327 1191 402 42

96 541 150 601 re,
184 519 260 582 nihil
292 533 362 580 vero
395 517 552 594 praeterea
583 511 707 594 pavlus
739 509 812 591 pati.
857 499 1007 574 Videntur
1031 499 1131 570 temen
1158 523 1195 569 eo

98 627 212 701 oppida
238 638 313 698 quae
334 639 402 682 sero
423 636 459 680 se
484 618 649 696 dedissent,
677 619 768 677 scolis
790 618 852 691 tarn
878 617 915 674 cd
942 628 1042 675 noros
1069 611 1195 672 aduena

99 735 134 786 et
155 743 230 800 quae
257 727 333 783 nihil
360 727 451 799 pecta
474 725 576 780 essent
596 722 628 781 in
650 721 812 795 deditione,
840 719 942 778 eodem
963 716 1049 776 modo
1069 717 1196 772 tractatu

104 846 186 904 esse,
213 843 269 901 quo
297 819 458 900 oppidani
479 827 581 900 capta,
609 821 682 905 dicit
703 821 781 882 enim
801 817 963 894 uiuus1J=
990 833 1078 895 „cum
1090 815 1197 898 ‘vinclo

7 957 8 1008 3
101 933 224 990 retectis
247 930 366 1002 aliaque
387 925 463 985 mole
483 925 570 999 belli,
594 923 709 997 jamin
732 939 766 980 eo
789 923 870 980 esset
890 925 924 978 ut
944 919 977 978 in
997 935 1096 980 muros
1118 933 1196 976 cva-

7 1027 8 1040 ’
103 1035 189 1090 deret
213 1032 316 1104 miles,
345 1027 454 1088 deditio
481 1031 529 1086 est
554 1028 645 1083 iacta
694 1025 831 1083 Ceterum
857 1021 960 1090 moue,
976 1021 1078 1079 minus
1099 1020 1197 1094 foede,

100 1135 204 1192 dedita
231 1134 321 1206 urbe,
347 1145 433 1202 quam
461 1129 489 1186 si
516 1133 604 1200 copta
631 1129 724 1201 toret,
751 1125 889 1184 Aurunci
915 1122 1027 1196 passim
1047 1121 1197 1194 principes

100 1237 203 1295 securi
224 1232 357 1308 percussi
364 1273 373 1306 ‚
400 1229 456 1287 sub
479 1244 588 1285 corona
608 1229 766 1286 venierunt
786 1225 883 1284 coloni
903 1225 966 1300 alii,
988 1223 1126 1298 oppidum
1147 1224 1198 1282 di-

101 1343 202 1396 rutum
224 1350 297 1410 eger
317 1332 440 1391 veniit“.
482 1331 531 1388 lix
553 1347 610 1404 quo
631 1330 696 1388 loco
717 1330 806 1389 simul
828 1328 906 1386 clere
926 1326 1105 1402 intelligitur
1122 1339 1199 1398 quae

86 1421 199 1497 'tuerit
223 1436 272 1493 lex
299 1436 370 1492 belli
398 1434 430 1490 in
452 1433 559 1505 oppida
580 1433 611 1490 vl
633 1437 728 1504 calna.
769 1430 915 1490 Utilitatis
936 1425 1087 1487 tamenin
1109 1443 1146 1484 ea
1166 1443 1200 1485 re

103 1543 252 1597 Romanos
282 1537 410 1595 maxime
443 1536 586 1592 rationem
611 1533 754 1590 habuisse
786 1532 893 1588 docent
923 1527 1060 1604 iusignes
1086 1529 1200 1602 aliquot

7 1717 8 1724 ἵ
104 1639 185 1697 livii
210 1639 278 1696 loci.
333 1637 408 1696 Cum
435 1636 555 1711 legatus
583 1636 735 1696 Romanus
759 1632 793 1690 in
817 1631 923 1703 Illyria
948 1630 1006 1688 duo
1034 1631 1142 1703 oppida
1167 1630 1199 1687 vi

103 1745 193 1812 etque
220 1739 310 1796 armis
337 1737 489 1812 codgisset
509 1737 542 1795 iu
563 1736 759 1808 deditionem,
785 1733 883 1798 omnic
909 1731 949 1789 iis
974 1747 1031 1789 sua
1051 1733 1201 1790 concessit

100 1846 136 1899 ut
162 1839 301 1910 opinione
329 1837 505 1893 clementiae
531 1834 606 1890 alios
640 1833 774 1890 alliceret
805 1831 844 1888 ad
875 1832 1062 1890 deditionem.
1116 1835 1199 1902 Quod

103 1955 173 1996 cum
193 1953 252 1995 non
274 1939 373 2012 tieret,
401 1951 441 1994 ne
466 1936 581 1992 duabus
610 1933 880 2008 oppugnationibus
907 1933 1103 2012 inequicquatn
1124 1934 1201 1992 rati-

103 2043 194 2115 gatus
216 2039 301 2095 miles
322 2042 414 2112 esset,
429 2037 525 2104 ¹urbes
547 2033 717 2111 diripuitffl.
760 2036 870 2097 Contra
890 2051 957 2093 cum
974 2036 1120 2112 Ligurum
1141 2051 1200 2110 ope

103 2141 204 2214 pidum
232 2156 266 2197 se
287 2139 435 2214 dedisset,
461 2137 566 2196 ultima
586 2137 768 2194 necessitate
789 2140 923 2196 coccinum
944 2142 974 2194 et
994 2139 1060 2196 sine
1081 2140 1201 2212 pactio-

104 2257 158 2317 ne,
188 2241 293 2297 consul
314 2256 396 2297 arma
418 2239 553 2298 omnibus
575 2237 697 2313 ademit,
719 2236 857 2310 oppidum
879 2239 978 2314 diruit,
1000 2239 1085 2312 ipson,
1103 2241 1202 2299 bona-

106 2357 165 2414 que
193 2357 294 2398 eorum
315 2339 459 2397 vendidit.
501 2339 563 2397 sed
582 2354 631 2397 res
653 2342 738 2396 atrox
759 2338 826 2396 visa
847 2345 893 2396 est
914 2341 1046 2418 senatui,
1071 2342 1201 2414 pessimo

105 2443 186 2498 enlm
207 2441 345 2512 exemplo
364 2455 432 2496 esse
453 2439 534 2498 illam
554 2439 711 2497 soevitiam
732 2443 763 2496 et
783 2441 970 2500 metuendum
991 2459 1030 2500 ne
1050 2443 1118 2515 quis
1138 2460 1200 2501 un-

105 2557 193 2614 quam
215 2557 248 2598 se
269 2547 373 2614 postea
393 2539 501 2598 dedere
522 2540 655 2617 auderet,
677 2556 768 2614 quaro
788 2541 901 2614 placuit
921 2545 1039 2603 senatui
1059 2541 1200 2621 ldgrrrres,

103 2645 198 2715 pretio
221 2643 401 2716 emptoribus
421 2641 552 2717 reddito,
580 2642 663 2715 ipsos
683 2643 842 2700 restituere
862 2643 895 2702 in
914 2643 1081 2706 libertatem
1101 2647 1199 2705 bona-

103 2760 162 2817 que
183 2741 355 2818 redderet).
396 2741 536 2815 idemque
557 2758 625 2801 eum
644 2743 801 2802 Abderitis
820 2746 932 2802 factum
954 2746 1049 2822 esu).

190 2845 294 2904 Cicero
321 2835 474 2918 imprimo
503 2843 541 2899 de
563 2843 673 2901 oltlcils
696 2843 826 2920 libro⁵J=
854 2853 959 2922 „parta
979 2847 1120 2924 victoria,
1147 2847 1204 2912 in.-

101 2945 183 3020 quit,
211 2944 408 3004 conservandi
436 2943 551 3018 sontii
572 2943 624 3016 qui
645 2958 703 3002 non
724 2947 859 3005 crudeles
880 2948 911 3006 in
924 2951 1026 3024 bello,
1053 2966 1113 3008 non
1139 2951 1205 3014 im-

100 3063 206 3106 manes
234 3049 371 3104 ruerunt:
399 3049 433 3104 ut
460 3043 588 3118 majores
615 3047 709 3103 nostri
731 3049 932 3125 Tusculanos,
959 3053 1083 3123 Aequos
1104 3083 1152 3098 -·
1173 3055 1205 3113 in

105 3149 259 3206 civitatem
295 3149 384 3204 etiam
416 3151 611 3224 accepterunt,
645 3151 677 3204 at
705 3149 914 3226 comhcglnem
949 3156 980 3209 et
1010 3153 1203 3214 Numantiam

100 3249 241 3310 funditus
264 3249 463 3324 sustulerunt,
490 3248 599 3307 nollem
620 3248 793 3309 Corinthum
818 3251 873 3310 sed
897 3253 984 3311 credo
1005 3253 1130 3326 aliquod
1150 3273 1205 3315 se·

102 3357 207 3425 cubos,
242 3349 490 3434 opportunitatem
519 3349 580 3409 loci
610 3350 754 3426 nomme,
784 3367 823 3411 ne
850 3359 952 3427 posset
976 3353 1137 3427 aliquando
1166 3357 1205 3416 ad

100 3455 213 3514 bellum
234 3450 404 3509 faciendum
423 3450 507 3508 locus
534 3451 601 3527 ipse
627 3452 807 3512 adnomu‘t
851 3458 936 3514 llaec
953 3435 1110 3518 Ciceronis
1130 3473 1204 3517 ver·-

7 3593 14 3608 t
102 3557 145 3614 ba
165 3553 221 3610 sub
243 3567 399 3610 censuram
420 3555 508 3608 vocat
528 3555 643 3629 (larue,
669 3555 892 3635 philosophicus
917 3545 1058 3616 librorum
1087 3559 1125 3618 de
1150 3561 1204 3618 ol·

98 3655 183 3753 ⁴ilciln
204 3654 359 3728 interpres,
382 3667 449 3710 eum
470 3651 543 3710 dicit
562 3654 668 3713 minum
687 3656 784 3714 videri
805 3657 977 3716 Ciceronem
998 3659 1124 3733 probare
1143 3661 1202 3719 de.

102 3757 245 3816 lotionem
270 3769 371 3814 earum
390 3753 524 3828 urbium,
552 3769 675 3826 quarum
695 3757 778 3815 cives
799 3773 858 3818 non
879 3761 1015 3838 crudeles
1036 3763 1149 3822 luerint
1169 3763 1203 3824 in

102 3859 194 3935 bello,
216 3857 301 3932 quusi
321 3871 393 3916 vcro
414 3855 494 3915 bella
513 3860 657 3934 gerentur
676 3862 709 3918 ut
729 3841 826 3922 mores
846 3862 1014 3938 puniantur.
1063 3865 1200 3926 consen-

175 4041 206 4102 t)
222 4042 257 4107 u,
273 4041 318 4094 rr.

173 4130 208 4190 2)
226 4130 285 4178 civ.
303 4125 400 4194 xuni,
416 4127 442 4179 1.

176 4196 589 4272 mmumsmm'

175 4297 208 4357 4)
225 4299 286 4347 mv.
305 4295 405 4360 xuur,
422 4280 454 4346 4.'
465 4300 491 4348 s.

178 4381 210 4440 d)
226 4381 268 4432 lle
285 4379 331 4430 oti.
350 4380 371 4444 l,
389 4380 431 4446 ll,
449 4385 495 4432 tlt.
