2960 5142
271 314 326 385 oo

232 549 234 554 s
276 507 452 566 suspensam
480 503 550 548 esse
577 487 771 547 contenderit.
818 489 923 548 Utrum
944 493 1043 548 eutem
1063 487 1212 563 oepitibus
1234 490 1378 562 ooptivo-
1468 497 1471 508 ·

275 611 341 655 rum
362 593 518 667 impositae
539 591 652 649 luerint
673 607 799 649 eoronue
818 607 876 648 ueo
896 603 935 651 ne
956 607 1015 650 non
1036 595 1168 682 oonstut,
1194 606 1263 652 nam
1282 591 1378 650 vide-
1470 601 1471 632 ἐ

194 677 200 694 '
276 711 342 766 mos
364 696 427 769 jom
460 696 530 750 onte
559 693 648 750 oellii
680 697 798 767 tempus
830 695 868 750 de
896 707 932 750 eo
958 707 991 750 re
1017 693 1204 766 oonjeoturos
1232 694 1270 754 ob
1297 695 1377 768 ipsis
1470 745 1471 764 ,

275 797 419 859 Romanis
441 799 545 869 ooptos
571 810 640 852 esse
660 809 717 852 neo
744 795 902 867 quidquam
929 795 990 853 nisi
1016 811 1098 852 mero
1124 795 1296 869 oonjeoturo
1327 803 1378 853 est

276 900 382 959 Sebini
401 897 510 971 opinio.
529 896 591 957 Sed
601 896 709 968 siquis
730 897 850 972 longius
872 879 961 956 etiem
981 899 1123 972 prooedet
1142 899 1174 957 in
1196 899 1378 970 quaerendis

276 1001 377 1060 oensis
399 1015 571 1074 causarum,
598 1014 674 1071 quoe
695 984 850 1070 admodum
871 999 993 1074 ignotos
1013 1000 1205 1076 nobiseum,
1232 1014 1300 1064 eum
1323 1001 1374 1058 ni-
1470 1029 1471 1034 1

276 1103 321 1162 hil
342 1117 434 1178 ogere
454 1105 606 1176 putemus,
634 1105 723 1172 etque
751 1099 863 1158 idoiroo
890 1102 1036 1178 Herzogii
1062 1102 1223 1177 rationem,
1250 1103 1288 1159 de
1318 1117 1376 1175 quo

277 1195 369 1279 supro
390 1203 529 1277 diximus,
551 1202 626 1259 nihil
648 1217 716 1258 esse
738 1199 942 1260 existimamus
963 1203 1023 1260 nisi
1043 1203 1145 1266 lusum
1163 1203 1289 1279 ingenii.

360 1305 422 1365 Sed
446 1304 602 1364 redeamus
630 1303 669 1360 ed
694 1302 770 1360 illud
795 1301 875 1360 unde
896 1304 1092 1381 devertimus,
1120 1323 1188 1364 nom
1209 1305 1324 1364 diutius
1345 1305 1378 1363 in

275 1425 310 1467 re
337 1408 399 1465 levi
423 1405 536 1464 versuti
564 1421 676 1462 sumus.
724 1403 871 1462 Utilitatis
893 1405 987 1481 igltor
1008 1420 1100 1464 oouso
1119 1408 1295 1481 plerumque
1315 1427 1378 1468 non

275 1507 428 1569 interlecti
449 1511 520 1564 sunt
540 1505 652 1579 ooptivi
679 1505 734 1562 sed
754 1505 811 1562 sub
831 1521 942 1564 ooronu
961 1508 1113 1585 venibunt,
1135 1511 1318 1585 eandemque
1340 1515 1378 1570 ob

278 1626 399 1671 consum
427 1616 518 1682 saepe
544 1608 674 1664 edietum
702 1610 749 1664 est
769 1608 807 1663 ob
835 1609 1066 1682 imperatoribus
1092 1611 1126 1668 in
1153 1614 1377 1687 expugnatione

276 1713 410 1786 urbium,
436 1727 475 1768 ne
496 1710 563 1783 quis
584 1709 687 1766 hostes
708 1708 836 1766 violaret
856 1714 909 1768 out
929 1711 1079 1769 occideret
1088 1713 1128 1788 ¹).
1170 1714 1295 1772 Venditi
1314 1729 1375 1770 ou·-
1468 1785 1469 1789 Ἰ

277 1818 337 1872 tem
356 1817 428 1871 suut
449 1812 570 1886 ooptivi,
592 1803 672 1867 siout
693 1814 793 1868 cetero
814 1811 934 1885 proedo,
955 1824 1010 1884 per
1025 1815 1246 1890 quaestorem]
1267 1819 1295 1874 et
1313 1833 1370 1889 pe-

277 1916 367 1974 ounio
387 1914 458 1972 inde
478 1912 609 1987 reducto,
631 1911 748 1968 etiamsi
770 1913 871 1969 uetere
891 1915 986 1972 omnis
1006 1916 1118 1988 proedo
1138 1917 1283 1976 militibus
1301 1934 1371 1976 uon·
1469 1983 1470 1986 Ἴ

277 2034 365 2078 cesso
386 2019 476 2090 esset,
497 2014 529 2070 in
547 2013 697 2104 sororium
717 2011 855 2088 venit-i),
882 2027 940 2072 neo
959 2016 1021 2072 nisi
1040 2033 1161 2090 perraro
1182 2020 1295 2093 ooptivi
1316 2023 1376 2079 mi-

277 2121 382 2176 litibus
403 2115 546 2176 Romonis
572 2113 697 2188 proemii
723 2113 845 2173 virtutis
871 2115 937 2173 looo
966 2116 1028 2174 doti
1056 2122 1141 2196 sont,
1170 2135 1242 2194 quos
1269 2121 1378 2181 servos

277 2221 395 2279 domum
421 2213 612 2291 ducerem).
658 2218 804 2287 'Iempore
831 2215 992 2275 caesorum
1019 2218 1051 2276 iu
1077 2221 1249 2281 venditione
1276 2226 1378 2297 eapti-

277 2338 382 2382 vorum
403 2336 468 2378 eom
487 2318 636 2378 Interdum
656 2309 787 2374 odditom'
806 2315 943 2376 videmus
964 2321 1182 2400 coodioionom,
1204 2341 1243 2383 ne
1263 2327 1379 2384 venditi

277 2426 357 2482 iutro
385 2425 498 2480 eertum
513 2433 668 2476 onnormn
696 2418 825 2502 spatium
852 2420 942 2480 libert,
970 2423 1124 2499 detenet).
1177 2427 1248 2486 Non
1275 2445 1376 2489 omnes

278 2529 377 2583 tomen
404 2521 517 2595 oeptivi
543 2521 659 2579 venditi
685 2520 837 2578 suntsed
863 2521 972 2580 multos
994 2539 1099 2585 servos
1118 2529 1257 2600 poblieos
1277 2532 1374 2604 populi

278 2626 406 2687 moreni
433 2627 530 2682 foetos
554 2638 623 2681 esso
644 2625 770 2680 constet
812 2615 915 2695 Scipio
935 2629 1004 2697 post
1025 2631 1274 2705 expuguationem
1295 2633 1368 2690 Gor-

279 2727 413 2804 thoginis
435 2726 550 2802 Novae,
571 2723 742 2800 segregetis
763 2711 902 2801 ooptivis,
924 2725 1046 2799 opidoes
1066 2732 1203 2804 publioos
1225 2735 1289 2792 'esse
1303 2747 1368 2790 ser-

278 2845 334 2887 vos
360 2828 461 2902 populi
482 2827 609 2895 Romani
637 2825 732 2883 edixit
757 2831 788 2884 et
808 2826 975 2887 libertatem
995 2831 1036 2888 iis
1056 2833 1193 2906 promisit
1213 2836 1293 2893 siin
1313 2835 1372 2892 mi-

277 2931 411 2988 nisteriis
439 2929 503 2989 sois
525 2927 614 2986 enixo
634 2942 754 3002 operum
774 2933 951 3006 novassent,
978 2939 1047 3006 post
1067 2938 1235 3012 oouleotom
1257 2938 1373 2996 bellum.

142 3005 149 3018 ’
221 3056 233 3076 ·
278 3033 427 3090 Ecetero
447 3030 636 3088 multitudine
657 3029 841 3102 captivorum
862 3034 991 3092 seleotos
1010 3036 1232 3097 robustissimos
1243 3037 1280 3096 ln·
1289 3038 1374 3094 olos-

277 3148 341 3193 sem
362 3132 401 3189 od
421 3134 655 3207 supplementum
680 3131 826 3208 remigum
848 3134 939 3210 dedit,
959 3135 1051 3192 simili
1072 3139 1128 3194 sub
1150 3139 1377 3213 eondioionefl).

175 3295 178 3299 ,
277 3235 344 3292 Neo
365 3234 465 3295 stetim
486 3233 632 3290 interdum
653 3232 769 3291 venditi
790 3238 861 3291 sunt
880 3237 1002 3312 ooptiyi,
1023 3254 1092 3296 nom
1103 3241 1218 3299 Romae
1233 3243 1273 3298 iis
1296 3244 1375 3298 tem-

277 3336 416 3410 poribus,
438 3330 558 3408 ‘quibus
585 3334 798 3407 triumphorum
823 3350 931 3410 pompa
959 3339 997 3395 ud
1024 3355 1169 3400 summum
1197 3345 1376 3416 pervenerat

278 3438 450 3514 festigium,
484 3437 592 3512 ingens
623 3451 764 3494 numerus
791 3440 975 3510 ooptivorum
1007 3443 1148 3502 eomitotu
1181 3456 1236 3499 suo
1268 3458 1376 3501 ornare

278 3542 400 3596 ooootus
422 3540 468 3594 est
488 3538 666 3610 triumphum
681 3540 880 3612 Imperatoris.
921 3544 982 3601 sed
1003 3560 1069 3603 eom
1089 3543 1217 3603 maxime
1238 3546 1274 3602 ob
1298 3563 1376 3604 osu*

278 3655 343 3696 sum
370 3655 430 3696 non
457 3641 557 3696 stetim
578 3639 692 3696 venditi
713 3643 784 3697 sunt
804 3642 854 3698 vel
874 3646 910 3700 ut
929 3645 1075 3706 redimere
1096 3663 1149 3706 eos
1169 3651 1293 3723 possent
1314 3649 1375 3707 110.

345 3838 376 3900 ι)
392 3839 455 3890 mv.
471 3841 560 3906 xxv,
575 3842 621 3891 es.

346 3924 377 3982 e)
392 3923 454 3976 mv.
472 3925 583 3990 xxvn,
600 3926 646 3976 1o.
664 3925 792 3996 xxxiv,
808 3929 854 3983 et.

346 4009 377 4066 θ)
393 4009 489 4058 Livius
505 4010 541 4076 V,
555 4012 603 4061 22.
627 4009 682 4078 vl,
697 4012 727 4062 4.
745 4013 790 4064 1³.
812 4015 879 4084 vn,
894 4017 941 4068 2⁷.
967 4015 1066 4085 XXIII,
1083 4017 1129 4068 87.
1154 4016 1256 4086 XXIV,
1275 4019 1316 4070 to.
1334 4023 1371 4072 ot.

278 4091 420 4154 walteri.
439 4093 458 4146 l,
479 4107 505 4155 p.
524 4093 570 4143 do.
587 4096 645 4147 not.
662 4097 710 4147 85.
928 4117 931 4126 ’
1370 4115 1377 4125 “

343 4173 375 4232 4)
391 4174 452 4225 miv.
469 4177 516 4244 tv,
533 4177 579 4228 ³4.
613 4179 695 4232 Dion.
713 4180 745 4230 m
763 4182 811 4251 lv,
827 4183 872 4236 50.

343 4259 376 4318 d)
392 4258 465 4309 Suet.
485 4260 579 4312 octav.
597 4261 643 4314 et.
677 4265 731 4315 Dio
748 4265 899 4334 cosmidi,
915 4269 960 4320 et.

342 4345 375 4401 o)
391 4341 486 4407 Polyb.
504 4346 541 4412 X,
557 4343 583 4395 7.
617 4347 679 4396 biv.
697 4349 799 4416 XXXI,
815 4351 861 4401 4⁷.
