2960 5142
305 307 355 375 16

299 486 382 560 tium,
404 485 501 558 qualia
522 485 630 544 tradita
651 489 698 543 eet
718 484 750 543 in
771 487 855 546 libris
877 489 1011 567 egregiis
1022 507 1096 565 quos
1107 491 1292 564 seripserunt
1303 493 1396 554 Mar-

299 591 366 647 tene
376 585 407 662 ¹)
414 627 423 662 ,
450 585 623 662 inuenere)
652 588 762 658 aliique
788 594 855 646 euin
882 607 939 650 usu
967 597 998 648 et
1024 593 1238 652 consuetudine
1266 599 1397 670 populo-

297 701 380 764 rum,
401 689 439 746 ab
460 688 509 746 hls
530 703 621 762 saepe
642 691 764 748 formam
786 695 816 746 et
837 693 958 766 regulas
979 695 1092 770 magis,
1120 693 1198 766 qnae
1218 711 1269 756 res
1290 703 1395 757 exter-

298 807 354 850 nas
381 794 412 847 et
441 789 525 848 lenes
552 793 704 866 saeuiant,
737 792 890 852 observari
926 797 957 850 et
986 795 1044 852 ooli
1078 796 1275 871 intelligimus
1306 815 1394 872 quam

297 897 457 968 praecepta
479 891 558 965 juris
583 892 717 968 gentium
744 893 852 965 ombus
879 894 1046 954 continetur
1066 895 1132 968 eius
1153 898 1211 954 vis.
1253 901 1312 958 sed
1331 902 1392 958 ha·

297 995 402 1052 bemus
426 993 478 1067 jus
505 992 639 1068 gentium
666 993 817 1054 diversum
838 1010 858 1050 a
873 994 959 1070 jure,
986 996 1064 1069 qnod
1085 1001 1150 1055 erat
1170 998 1249 1057 inter
1266 1001 1388 1074 populos

297 1096 452 1172 antiquos,
478 1088 556 1168 quoti
584 1094 612 1153 si
639 1093 767 1154 laeditur
793 1095 971 1172 mairano,
992 1113 1108 1156 nonen
1130 1100 1251 1158 tollitur.
1293 1103 1390 1170 Quare

297 1197 374 1258 nihil
389 1211 486 1274 agere
505 1195 640 1276 vitietur,
668 1197 722 1269 qui
747 1195 799 1268 jus
823 1197 960 1272 gentium
980 1215 1060 1258 nune
1081 1216 1150 1258 esse
1171 1203 1247 1258 inter
1267 1204 1393 1276 populos

297 1312 363 1357 eum
388 1298 426 1356 ol)
454 1313 574 1357 oausam
600 1299 718 1375 neget‚.
734 1297 815 1372 quod
842 1315 934 1372 saepe
959 1299 1117 1359 videantur
1142 1303 1263 1375 superbi
1289 1304 1393 1377 populi

297 1399 439 1474 mutiero,
466 1410 544 1473 quoe
570 1400 648 1472 juris
671 1400 811 1476 ‚gentium
837 1402 924 1476 leges
944 1402 1091 1477 dieantur,
1112 1403 1249 1475 quodque
1269 1406 1317 1462 vis
1338 1421 1394 1462 ar-

173 1541 175 1546 ·
296 1513 410 1563 morum
429 1501 605 1576 saepissima
626 1502 742 1575 valeat,
770 1517 808 1558 eu
828 1502 908 1559 enim
928 1501 1078 1576 injustitia
1097 1506 1211 1562 tantum
1231 1507 1332 1582 abest,
1359 1509 1396 1564 ut

293 1603 346 1677 jus
365 1603 501 1678 gentium
522 1602 621 1681 tollat,
649 1609 683 1660 ut
704 1603 774 1660 indo
794 1602 908 1661 elerum
927 1607 980 1662 ilat
997 1619 1068 1662 esse
1085 1603 1138 1678 jus
1158 1605 1294 1680 gentium
1315 1608 1396 1666 inter

296 1706 437 1780 populos,
465 1719 533 1764 nam
559 1719 626 1768 eum
648 1705 707 1761 tale
734 1703 807 1776 quirl
830 1707 865 1762 fit
891 1705 929 1764 ab
957 1705 1016 1764 hoo
1034 1705 1085 1763 vel
1105 1706 1157 1765 illo
1179 1708 1305 1782 populo,
1331 1712 1399 1768 tum

296 1805 424 1868 maxime
445 1820 592 1865 eonsensu
611 1807 806 1881 reliquorum,
832 1805 945 1879 injuste
971 1822 1064 1882 agere
1089 1807 1173 1866 illum
1193 1808 1397 1885 clamantium,

295 1909 463 1966 declaratur
486 1906 538 1981 jus
566 1909 701 1983 gentium
722 1907 869 1964 sancitum
890 1923 969 1966 esse.
1009 1909 1077 1967 Neo
1098 1907 1253 1968 dissimilis
1273 1914 1323 1966 est
1339 1911 1393 1983 jn·

295 2011 339 2068 ris
358 2007 469 2083 murati
490 2007 642 2082 conuicio,
668 2008 726 2066 hoo
755 2009 833 2065 enim
854 2009 987 2080 quotidie
1006 2008 1136 2067 laeditur
1156 2011 1194 2068 ab
1215 2010 1393 2087 nominituo,

295 2119 382 2170 nemo
403 2114 501 2168 tamen
520 2108 652 2182 dubitat,
680 2109 752 2183 quin
772 2111 873 2167 valeat
888 2109 940 2182 jns
961 2109 1125 2186 privatum,
1148 2110 1294 2184 injustum
1316 2114 1393 2172 enim

290 2215 372 2272 ninii
391 2217 449 2290 est,
468 2213 529 2270 uisi
549 2213 628 2286 quod
644 2212 727 2283 J'usto
745 2213 933 2284 opponitur..

383 2317 456 2374 cnm
480 2311 532 2386 jus
558 2312 693 2387 gentium
721 2313 760 2368 ad
780 2313 890 2371 bellum
909 2313 1038 2372 maxime
1058 2317 1175 2387 speetet
1194 2315 1296 2389 inique
1316 2331 1393 2376 eon-

295 2417 458 2492 solaretur,
491 2417 526 2472 ut
558 2416 695 2470 naturam
729 2411 794 2482 ejus
822 2427 1020 2488 exponamus,
1055 2415 1211 2489 aptissime
1238 2421 1392 2476 efferemus

296 2517 469 2578 oismintna
492 2513 565 2574 belli
591 2519 721 2586 tempore
747 2512 826 2570 inter
845 2514 971 2586 populos
991 2515 1130 2589 antiquos
1151 2519 1392 2596 etreeentiores,
1464 2569 1465 2575 ,

296 2621 376 2696 quoni
396 2615 504 2676 attinet
523 2617 564 2674 ad
579 2614 631 2689 jus
651 2615 801 2691 gentium,
822 2615 993 2687 eonspioua.

382 2725 428 2783 Eo
449 2734 529 2779 uuna
547 2716 740 2776 humanitatis
761 2715 915 2791 progressi
930 2719 1013 2774 sunt
1033 2716 1169 2778 homines
1189 2719 1318 2778 utullus
1337 2718 1386 2776 ei·-

297 2824 401 2887 vitntls
428 2821 543 2879 ineolas
567 2833 627 2876 non
643 2817 712 2889 jure
739 2821 770 2874 et
789 2817 938 2892 dignitate
956 2823 1098 2892 *expertes
1118 2837 1213 2895 neque
1232 2820 1390 2880 inferiores

297 2922 464 2985 censendos
477 2919 736 2994 esseintelligont.
778 2919 902 2978 Barbari
922 2935 1004 2978 nuno
1023 2937 1082 2978 non
1103 2923 1127 2980 ii
1147 2928 1299 2996 vocantur,
1320 2922 1391 2996 qui-

296 3029 423 3087 busoam
458 3023 558 3082 nullae
595 3019 783 3078 intercedunt
812 3021 945 3080 rationes
979 3024 1141 3081 oonmmris
1173 3022 1320 3100 civitatis,
1360 3025 1393 3080 et

297 3129 352 3188 vix
380 3143 433 3186 eos
460 3124 505 3185 tta
531 3123 733 3198 appellamus,
766 3120 818 3195 qni
841 3136 949 3180 revera
975 3122 1060 3180 uultu
1084 3123 1175 3184 animi
1202 3124 1393 3197 moribusque

284 3232 389 3307 'longe
416 3231 487 3287 sunt
506 3225 674 3285 interiores.
721 3225 819 3292 Quare
839 3221 1001 3284 erudelitas
1021 3226 1126 3282 eontra
1152 3226 1271 3287 hostilia
1291 3225 1395 3297 populi

299 3334 384 3392 nives
412 3334 444 3389 et
469 3329 580 3388 milltes
609 3325 735 3402 egregie
755 3323 906 3380 deminuta
925 3327 982 3382 eet
1025 3324 1100 3384 Cum
1121 3326 1237 3397 antiqui
1256 3325 1393 3384 homines

299 3437 414 3495 hostem
434 3435 520 3490 entra
539 3443 669 3504 pugnam
689 3442 749 3485 non
768 3423 853 3483 modo
874 3424 994 3498 inpune
1006 3430 1155 3488 necarent
1173 3425 1230 3482 sed
1249 3432 1396 3490 vexerant
1469 3431 1470 3441 ¹

300 3536 494 3610 captivosque
513 3532 685 3605 plerumque
704 3529 737 3584 in
757 3529 928 3600 perpetuam
941 3529 1114 3590 servitutem
1126 3524 1293 3604 abigerent,
1314 3545 1394 3586 nuno

300 3639 425 3696 vetitum
447 3636 494 3692 est
512 3633 583 3708 lege
602 3631 690 3704 belli,
710 3629 877 3686 interlicere
898 3643 966 3704 eos,
993 3630 1131 3704 quinon
1153 3629 1282 3701 amplius
1302 3630 1393 3688 armis

300 3743 404 3799 eontra
430 3751 486 3794 nos
512 3747 647 3808 pugnare
674 3731 740 3788 slva
766 3730 978 3802 possuntsive
998 3730 1153 3788 voluntat
1173 3730 1225 3802 qui
1246 3745 1265 3788 e
1284 3731 1395 3803 populo

298 3839 404 3902 ¹hostili
424 3852 483 3896 non
510 3835 653 3909 oeperunt
674 3847 755 3888 arma
774 3847 871 3904 neque
892 3833 1013 3890 hostilia
1034 3831 1259 3903 commiserunt,
1287 3834 1322 3889 ut
1341 3831 1395 3889 in-

301 3947 417 4018 fantes,
445 3937 602 4011 mulieres,
630 3933 764 3992 imbelles
791 3931 934 4008 senea8).
962 3933 1081 4000 'Quare
1104 3933 1185 3990 bello
1208 3927 1398 3990 interneciuo

1467 3981 1469 4094 t

371 4108 400 4174 1)
425 4109 458 4160 o.
482 4107 514 4157 Ε.
541 4104 577 4156 rte
598 4103 725 4154 Martem
748 4101 845 4154 Praetu
872 4101 908 4150 tiu
932 4098 1005 4149 ‹lrolt
1033 4095 1083 4148 (leo
1105 4108 1175 4162 gens
1203 4097 1394 4150 montemalo
1468 4131 1469 4140 η

200 4178 204 4184 ’
304 4195 443 4256 innrope.
478 4181 631 4241 unornane
648 4188 713 4240 etit.
748 4185 868 4247 eoottng.
887 4182 966 4235 182¹.
988 4186 1016 4232 8.

371 4280 402 4338 2)
419 4275 544 4327 iilueber
560 4271 760 4337 liuroulllsohes
777 4267 963 4320 volkerreont
977 4265 1025 4317 ild.
1043 4264 1069 4318 1.
1087 4265 1115 4318 2.
1146 4269 1250 4332 stuttg.
1268 4267 1349 4323 1821.
1367 4270 1394 4322 8.

371 4361 403 4426 lt)
420 4362 544 4412 liar-tene
561 4359 580 4410 l.
599 4370 623 4408 e.
641 4356 663 4422 ξ.
681 4357 742 4408 272.
777 4352 931 4406 zaoiantae
947 4351 967 4402 l.
986 4361 1011 4402 e.
1029 4350 1109 4404 Atti.
1128 4354 1155 4406 2.
1173 4365 1197 4416 p.
1214 4352 1249 4402 99
1266 4363 1325 4416 sqq.
