2960 5142
1130 267 1180 338 ti

82 437 206 504 honnus
233 453 325 500 cansa
350 437 487 512 nomino,
507 447 604 509 nuper
629 435 667 496 de
688 435 844 498 sarcita
863 434 1045 516 disputavitc
1078 447 1185 525 „llor-

83 548 210 625 „mulae
234 541 392 602 Fetinlium
420 541 558 612 aliaeque
582 540 693 600 multae
718 540 848 602 albivia
872 543 1002 621 aliisque
1026 548 1185 624 scriptori-

11 675 12 680 *
75 651 171 728 „,bus
193 646 377 720 appellantur
399 643 538 700 carmina
580 643 751 704 Daharum
771 662 913 708 versuum
933 653 1042 708 natura
1060 677 1106 698 -·-
1124 669 1185 730 ego

84 751 243 829 „judicare
263 761 324 804 non
344 743 457 802 ausim:
483 743 516 800 id
541 745 641 802 tanen
668 748 817 808 afirmare
836 766 897 810 non
923 752 1043 830 dubito,
1064 757 1184 830 cneque·

84 850 186 930 „jora
212 847 356 921 formulis
382 859 542 903 nummum
566 842 668 930 foisse
692 854 845 924 poeticam
863 855 1083 930 abbonemque
1104 872 1185 950 quoe

80 956 150 1031 „cd
185 954 323 1010 bosnam
351 953 514 1023 postorum
546 947 725 1012 instinctum
760 951 929 1030 efferretur.
977 958 1182 1020 Nihilominus

78 1055 177 1133 „inde
204 1069 264 1112 non
292 1051 481 1127 collegerim,
506 1051 563 1110 has
589 1053 733 1113 formulas
755 1071 773 1114 c
793 1057 940 1130 poematis
967 1074 1037 1118 esse
1062 1063 1184 1140 petitas,

78 1156 162 1236 „sed
189 1169 308 1216 omnem
333 1156 506 1211 arationem
526 1155 680 1225 publicam
702 1159 872 1232 cmtqua'tus
890 1161 989 1219 iamiar
1007 1166 1184 1235 pobcnotom

79 1256 205 1338 „fobea
231 1256 310 1330 quod
331 1255 543 1314 Germanorum
564 1263 681 1330 quoque
697 1258 768 1332 jura
787 1264 892 1318 vetera
911 1261 1047 1336 probant.
1088 1267 1184 1326 Simul

79 1362 179 1450 ,inde
205 1353 362 1434 discimus,
390 1358 537 1414 Romanis
560 1373 619 1431 per
644 1373 733 1419 corne
757 1377 868 1422 uocum
899 1366 1022 1426 minime
1047 1365 1184 1442 defuis&

80 1462 208 1540 „poesis
233 1472 368 1520 amorem
395 1464 488 1533 atquc
509 1455 726 1532 facultatem.“
768 1465 814 1523 ibe
840 1463 996 1526 Germanis
1023 1483 1185 1545 eorumque
1260 1503 1263 1513 ν

80 1564 216 1622 oratione
234 1561 373 1637 judiciali
394 1577 492 1635 neque
513 1577 580 1620 curn
600 1563 659 1622 hoc
679 1563 746 1623 viro
767 1563 855 1626 docto
875 1583 973 1642 neque
994 1585 1062 1628 cum
1080 1574 1183 1632 urin-

79 1663 194 1740 mio1),
223 1665 275 1739 qui
301 1662 424 1722 uberius
456 1665 516 1722 hoc
545 1669 723 1736 persecutus
756 1673 824 1746 cst,
855 1660 1106 1752 disceptabimus,
1143 1676 1181 1734 dc

77 1767 223 1825 Romania
250 1780 322 1822 vero
350 1765 440 1835 plane
469 1763 590 1818 diversa
614 1765 703 1824 nobis
730 1770 777 1824 est
797 1772 956 1829 sententia.
996 1775 1080 1834 duris
1102 1777 1182 1836 enim

76 1865 208 1929 Romani
228 1863 344 1937 antiqui
365 1861 511 1920 formulae
531 1861 592 1920 tam
612 1866 759 1925 verbosae
779 1873 850 1928 sunt
869 1875 905 1929 ut
920 1872 980 1931 nisi
995 1873 1075 1935 haue
1085 1877 1182 1951 ipsam

75 1965 291 2027 verbositatem
303 1964 450 2039 poeticam
462 1964 677 2044 appellaveris,
691 1975 834 2030 summam
850 1972 1070 2049 simplicitatem
1079 1979 1183 2039 inesse

78 2068 335 2143 contenderimus,
363 2065 461 2140 qualis
488 2069 536 2123 est
555 2067 707 2128 hominum
728 2074 909 2151 agrestium,
935 2079 987 2150 qui
1007 2083 1086 2155 quod
1111 2087 1182 2159 apte

11 2245 12 2252 ἵ
73 2172 182 2248 paucis
203 2170 305 2228 verbis
327 2169 427 2241 eloqui
447 2170 583 2243 possunt,
605 2183 673 2226 cum
693 2187 803 2248 magna
819 2176 977 2237 ¹verborum
999 2182 1087 2256 copia
1106 2201 1180 2258 per-

74 2275 257 2347 sequuntur,
278 2275 313 2329 ut
333 2284 372 2327 ne
394 2268 426 2325 in
447 2281 563 2325 errores
583 2268 720 2332 incidant
740 2275 900 2342 auditores.
931 2281 973 2339 Ut
992 2281 1069 2342 illud
1089 2286 1180 2345 vide·

74 2391 161 2431 amus
184 2372 365 2445 exemplum,
393 2369 471 2441 quod
492 2383 531 2427 ex
553 2369 707 2432 Ciceronis
734 2377 867 2437 oratione
887 2380 1070 2444 Mureniana
1091 2389 1180 2448 nobis

74 2477 163 2532 offert
183 2476 342 2547 Petersen,
370 2487 437 2528 cum
462 2470 626 2530 bellissime
653 2476 715 2534 dici
735 2477 899 2553 potuisset:
917 2487 1063 2560 ,iunius
1085 2491 1180 2550 Sabi-

70 2587 131 2634 nus
152 2590 236 2631 meus
258 2572 331 2631 est“
351 2573 428 2632 haec
453 2573 523 2631 sunt
543 2575 636 2635 verba
662 2578 823 2639 formulaer
844 2581 983 2660 „i'uudus
1005 2589 1056 2662 qui
1077 2595 1126 2650 est
1145 2593 1179 2651 in

71 2691 165 2752 agro,
184 2675 237 2750 qui
258 2668 390 2734 Sabinus
416 2675 576 2734 vocatus
617 2679 685 2738 Nec
710 2681 810 2742 minus
835 2695 1059 2763 exaggerantur
1083 2695 1178 2756 verba

69 2776 105 2837 in
127 2778 197 2834 aliis
217 2778 354 2835 formulis
375 2779 410 2834 ut
436 2777 469 2834 in
488 2775 598 2853 illa²Jr
618 2791 769 2857 „quarhin
795 2802 908 2865 rerum,
930 2791 1042 2870 litium,
1064 2811 1178 2856 causa-

69 2895 163 2958 „rum
184 2906 227 2922 1-
249 2894 323 2950 quas
350 2891 401 2936 res
426 2875 492 2936 dari
518 2879 584 2936 fieri
609 2884 687 2942 solvi
708 2888 852 2966 oportuit,
874 2906 949 2964 quas
968 2907 1019 2952 res
1039 2911 1097 2956 nec
1117 2899 1177 2958 aa.

72 2982 181 3038 derunt
201 2994 258 3037 nec
279 2982 417 3037 fecerunt
438 2990 497 3037 nec
516 2982 672 3041 solverunt
692 2989 770 3045 etc.“
790 2995 881 3064 atqrm
901 2993 933 3053 in
947 2993 1056 3074 iiiam:
1076 2999 1191 3076 „quod

66 3081 222 3173 „populus
242 3081 464 3141 Hermundulus
485 3083 679 3159 hominesque
698 3091 800 3163 populi
814 3096 1010 3156 Hermunduli
1030 3102 1178 3164 adversa,

66 3183 236 3260 „populum
250 3183 415 3241 Romanum
435 3175 546 3246 bellum
566 3188 669 3245 iecere
690 3189 936 3270 deliquerunique
957 3202 1095 3276 quodque
1114 3221 1176 3279 po·
1295 3237 1296 3244 κ

66 3285 184 3362 „pulus
211 3277 364 3342 Romanus
392 3301 459 3344 cum
484 3286 596 3360 pupulo
616 3291 818 3356 Hermundulo
843 3299 1071 3376 hominibusque
1090 3309 1179 3365 Her-

66 3383 245 3462 „munduiis
266 3386 376 3443 benum
394 3383 487 3457 jussit
507 3390 544 3448 ob
566 3395 637 3448 eam
653 3407 715 3451 rem
736 3407 795 3472 ego
820 3403 1007 3476 populusque
1019 3406 1178 3468 Homsuus

66 3487 204 3565 „populo
226 3488 428 3546 Hermundulo
455 3487 683 3568 hominibusque
703 3497 915 3561 Hermundulis
940 3503 1051 3564 bellurn
1071 3507 1177 3570 indico

65 3587 269 3665 „lacioque.“
310 3589 367 3648 His
393 3589 480 3665 plura
511 3592 621 3653 addere
649 3601 785 3673 exempla
810 3603 904 3662 facile
928 3621 1105 3688 possumus,
1132 3627 1178 3677 ex

67 3690 178 3763 quibus
213 3694 354 3763 appareat
383 3691 416 3749 in
445 3690 525 3764 juris
557 3693 683 3757 Fetialis
716 3703 853 3763 formulis
883 3705 1070 3770 immodicam
1101 3729 1176 3774 esse

66 3790 280 3851 abundantiam
300 3793 472 3870 verborum,
494 3807 571 3868 quae
591 3799 704 3861 anun
724 3804 811 3867 abest
830 3810 865 3868 ut
890 3812 1049 3870 releranda
1069 3813 1111 3874 sit
1130 3815 1174 3880 od

137 4005 166 4071 i)
200 4005 263 4062 Jao.
281 4008 384 4063 (irinum
408 4025 464 4066 von
488 4016 539 4069 der
559 4016 660 4072 Pce'sla
683 4020 721 4072 hu
742 4022 833 4080 Recht
857 4025 902 4080 trit
930 4028 1097 4086 zeitschrift
1119 4029 1170 4100 ffli

65 4094 228 4158 geschichtl.
244 4093 426 4150 Rechtswiss.
451 4099 484 4152 li.
501 4100 543 4172 il,
560 4102 586 4157 1.
607 4118 636 4171 p.
653 4106 698 4158 86.
716 4118 776 4176 sqq.

119 4189 370 4278 'mmmm

130 4323 516 4410 ommamm
