2960 5142
288 342 344 418 28

286 520 397 600 populi.
438 523 481 588 Ut
495 522 588 602 'justu
613 523 790 602 gererentur
815 521 910 600 bella,
931 517 1100 586 institutum
1121 527 1239 602 carpus
1258 527 1386 590 Fetiale.

180 645 183 652 ¹
286 627 356 688 Non
376 629 476 686 brnen
495 625 587 686 desiit
606 641 670 686 mos
690 625 888 685 latrocinandi
896 623 938 702 ¹),
950 629 1077 701 populus
1087 629 1240 689 Romanus
1261 635 1294 691 et
1313 633 1387 692 tini-

287 727 363 790 tumi
386 728 518 788 invicem
537 743 573 789 se
592 728 783 790 lacessebant
800 727 943 802 rapiendo
963 745 1073 802 pecora
1093 734 1124 790 et
1143 731 1220 792 alias
1242 735 1388 806 ejusmodi

285 845 347 892 res.
386 833 472 890 llaec
498 845 568 892 esse
589 829 689 904 coepit
709 846 808 890 causa·
825 831 970 891 bellorum
989 830 1045 890 sed
1064 831 1148 906 prius
1169 835 1385 912 poscebantur,

284 936 320 992 ut
339 945 390 992 res
409 936 514 1008 raptae
539 931 733 996 redderentur
758 935 791 996 et
814 937 918 992 sontes
943 947 1041 990 noxae
1066 934 1252 994 dederentur.
1299 939 1384 1006 Quod

285 1031 315 1094 si
339 1035 490 1098 facturum
517 1048 554 1094 se
580 1049 650 1094 esse
676 1037 842 1112 negaverat
866 1033 1011 1109 populus,
1031 1051 1051 1091 a
1076 1051 1135 1109 quo
1159 1016 1294 1111 protecta
1320 1041 1384 1095 erat

287 1133 414 1214 injuria,
434 1136 513 1201 bello
533 1150 584 1194 res
605 1138 831 1208 quaerebantur.
859 1135 939 1206 Quia
957 1135 1051 1211 igitur
1072 1137 1286 1212 antiquissimis
1307 1142 1387 1196 tem-

285 1238 409 1312 poribus
434 1239 511 1296 haec
536 1236 700 1312 praecipua
727 1241 793 1296 eret
817 1253 910 1296 cause
935 1237 1093 1314 bellorum,
1118 1239 1198 1312 quod
1223 1241 1300 1299 bona
1326 1257 1388 1298 uon

285 1338 405 1404 reddita
429 1341 545 1415 esseut,
571 1337 770 1406 denominatio
798 1338 869 1403 inde
896 1340 979 1402 tacta
1000 1343 1031 1397 et
1050 1354 1100 1397 res
1120 1346 1255 1415 repetere
1281 1347 1390 1417 postea

287 1439 400 1500 dictum
427 1443 475 1505 est
506 1455 561 1514 pro
587 1439 740 1513 postulare
766 1443 801 1499 ut
830 1439 883 1513 jus
915 1441 1152 1517 persolvatur2).
1194 1445 1312 1517 Optime
1337 1443 1391 1502 bic

286 1555 397 1608 sensus
421 1539 601 1616 perspicitur
628 1557 669 1598 ex
694 1540 816 1617 graecis
843 1540 1054 1619 scriptoribus,
1082 1543 1134 1616 qui
1160 1559 1210 1602 res
1237 1547 1391 1605 Romanas
1471 1540 1472 1544 ’

288 1641 495 1721 scripserunt,
526 1641 561 1705 bi
590 1639 670 1711 anim
701 1656 755 1717 pro
785 1655 861 1720 „ree
892 1643 1055 1719 repetere“
1084 1645 1189 1706 dicunt
1223 1639 1262 1707 τὰ
1295 1647 1392 1710 δίκαια
1466 1662 1471 1751 Ι’

288 1745 400 1812 αἰιιϊι3
420 1792 428 1808 .

349 1823 352 1828 ’
372 1746 521 1928 ΕΞιίιῙοε,
541 1853 577 1912 ut
596 1848 711 1926 quires
728 1853 914 1928 repeterent,
935 1864 1003 1910 cunr
1023 1847 1283 1926 recuperatoribus
1305 1866 1389 1910 ccm-

285 1953 373 2023 parat
396 1953 454 2014 Ed.
474 1950 673 2028 nosceret),
692 1957 918 2026 recuperatores
944 1951 1024 2010 enim
1051 1967 1104 2011 eos
1129 1952 1249 2027 proprie
1270 1951 1388 2025 judices

285 2050 403 2128 fuisse,
423 2053 476 2127 qui
500 2053 580 2113 inter
599 2056 750 2114 Romanos
776 2056 807 2110 et
826 2053 1018 2140 peregrinos,
1039 2067 1093 2111 eos
1118 2054 1236 2112 scilicet
1262 2054 1391 2126 quibus·
1471 2079 1472 2117 ι

287 2167 356 2218 cum
376 2155 508 2214 foederis
528 2156 600 2231 lege
619 2153 664 2213 ita
675 2153 877 2230 convenisse,
893 2154 1065 2227 judicarent
1084 2151 1124 2210 de
1143 2154 1264 2227 injuriis
1284 2155 1392 2228 priva-

282 2253 330 2342 tis
351 2255 485 2331 acceptis
506 2259 537 2316 et
557 2256 595 2315 de
615 2256 707 2320 rebus
726 2255 822 2330 raptis
843 2255 1036 2316 restituendis
1057 2260 1194 2332 agerent.
1213 2253 1393 2333 ,diacope-

287 2360 403 2420 ratores
422 2355 551 2433 igitum‘,
583 2373 661 2430 quae
680 2359 752 2415 sunt
770 2356 920 2419 Huscbkii
940 2359 1048 2434 verba,
1074 2357 1181 2434 „pacis
1200 2360 1329 2430 tempore
1352 2373 1392 2418 ex

286 2458 411 2522 foedere
431 2473 482 2518 res
501 2459 731 2533 recuperabant,
752 2457 885 2516 Fetiales
905 2456 934 2518 ei
955 2459 1105 2518 ordinaria
1121 2458 1201 2534 juris
1221 2459 1391 2532 persecutio

288 2558 439 2635 denegata
465 2564 530 2618 erat
560 2575 611 2618 res
638 2558 845 2634 repetebant.“
887 2559 949 2642 Sed
975 2574 1014 2618 ne
1045 2561 1107 2617 alia
1132 2575 1389 2620 commemoremus

290 2674 368 2733 quae
387 2659 421 2718 iu
440 2660 490 2722 his
509 2659 608 2723 minus
634 2665 718 2719 recte
738 2677 758 2718 a
777 2660 935 2726 Huscbkio
961 2660 1043 2718 dicte
1067 2661 1239 2736 videantur,
1258 2673 1317 2718 non
1338 2662 1387 2716 est

290 2761 371 2823 eninr
395 2761 487 2836 hujus
514 2763 575 2823 lcoi
601 2761 751 2824 disserere
778 2762 816 2824 dc
842 2764 1119 2840 recuperatoribus,
1150 2765 1182 2823 iu
1207 2776 1241 2821 ec
1269 2774 1384 2833 quoque

290 2861 474 2944 conspicitur
499 2863 674 2940 diversitas,
695 2863 774 2937 quod
800 2868 1025 2938 recuperatores
1052 2863 1198 2927 non‘nisi
1226 2880 1246 2920 a
1270 2863 1388 2926 civibus

1467 1863 1471 2011 Ι

290 2978 393 3024 eorum
420 2966 596 3040 populorum
621 2981 672 3024 ros
700 2969 927 3043 recuperarent,
954 2967 1130 3039 quibuscum
1159 2967 1266 3025 foedus
1297 2967 1389 3039 esset,
1476 3011 1477 3036 ,

279 3065 422 3126 .Fetiales
448 3069 485 3128 ab
513 3067 554 3126 iis
580 3081 697 3142 quoque
720 3081 772 3130 res
796 3071 980 3144 repeterent,
1001 3068 1176 3141 quibuscum
1195 3067 1310 3130 uullum
1334 3065 1389 3126 in-

288 3168 457 3231 tercederet
474 3169 592 3228 foedus.

375 3273 460 3336 Haec
486 3271 524 3334 de
550 3284 649 3329 rerum
673 3268 851 3342 repetitione
879 3265 1041 3331 sufficiant.
1079 3267 1249 3334 Audiamus
1269 3269 1392 3336 Livium

291 3370 397 3430 eodem
417 3373 484 3432 loco
505 3374 607 3430 cetera
624 3376 859 3446 persequentem.
885 3371 921 3432 si
932 3371 1040 3430 diebus
1060 3371 1157 3432 tribus
1177 3376 1209 3430 et
1229 3371 1389 3450 tuginde)

334 3629 337 3634 ,
359 3556 391 3622 ι)
424 3556 487 3616 uu.
504 3555 546 3622 11,
562 3554 608 3610 aa.
631 3556 674 3613 ι4.
709 3557 751 3624 v,
768 3555 812 3612 14.
837 3554 880 3612 te.
913 3556 956 3623 ιι,
973 3556 1017 3614 12.
1051 3557 1130 3614 bion.
1148 3555 1214 3610 sar.
1236 3555 1290 3624 ιιι,
1307 3557 1355 3610 34.

293 3757 307 3810 1
360 3671 390 3740 2)
425 3677 507 3742 nugo
523 3675 637 3727 eroum
654 3674 689 3728 dc
701 3671 724 3742 j.
741 3676 768 3728 b.
786 3679 816 3728 et
832 3689 858 3741 p.
876 3674 934 3743 111,
948 3673 983 3745 4,
1001 3675 1026 3730 1.
1061 3676 1142 3730 Beier
1158 3673 1194 3728 ad
1213 3673 1270 3732 cie.
1289 3675 1324 3728 de
1343 3675 1387 3728 ot.

300 3759 453 3826 ,‚1‚1,ao.

361 3857 393 3924 s)
426 3859 508 3918 uror.
524 3858 587 3914 rrae
611 3859 650 3924 ιι,
666 3860 709 3916 rs.
744 3860 799 3928 ru,
815 3851 861 3915 nc.

361 3960 393 4022 4)
426 3961 541 4011 Excute.
566 3960 602 4012 11.
626 3961 663 4014 ad
685 3960 743 4016 cic.
766 3975 807 4014 cr.
829 3975 881 4029 pro
904 3963 995 4016 runo
1016 3963 1060 4014 ine
1088 3963 1233 4014 Analectie
1255 3959 1389 4015 litorariis

292 4044 367 4100 imm.
385 4043 420 4097 (i.
437 4044 582 4098 uuscnkti.

360 4143 392 4209 d)
424 4147 497 4210 Apte
514 4157 705 4211 comparamus
726 4159 831 4218 rnorem
848 4149 975 4198 veterum
994 4143 1204 4196 Germanorum.
1228 4146 1257 4196 Si
1275 4147 1335 4210 quie
1354 4147 1388 4197 ab

296 4230 352 4283 aito
373 4242 471 4292 paoem
496 4231 628 4284 muctam
651 4243 716 4282 esse
737 4238 863 4296 putaret,
879 4230 982 4282 licebat
1005 4229 1032 4280 ei
1048 4229 1077 4276 vi
1093 4232 1223 4293 persequi
1238 4241 1319 4280 suum
1331 4227 1389 4300 jus,

294 4314 438 4370 drrmmodo
465 4315 550 4366 tribus
574 4319 639 4369 anto
663 4315 760 4370 diebus
783 4314 983 4367 deploravisset
1003 4325 1053 4378 per
1070 4317 1193 4367 nuntium
1214 4316 1388 4376 adversario,

294 4411 326 4450 se
343 4399 494 4452 manifesta
517 4407 613 4452 werra
632 4392 681 4462 jue
703 4409 783 4452 suum
800 4400 1027 4461 recuperaturum
1052 4411 1131 4461 esse3
1159 4400 1195 4452 ci.
1214 4398 1348 4450 {ulderici
1367 4395 1387 4447 1.
