2960 5142
249 435 259 456 ,ι
285 353 342 422 an

283 545 379 604 neque
406 523 575 588 invenirent
600 526 697 586 loenrn
730 519 782 584 ubi
808 521 887 584 nana
919 519 1133 583 solennitatem
1163 539 1220 600 per
1246 525 1386 587 Fetiales

185 677 186 680 η
284 630 433 690 indicendi
450 631 521 687 belli
538 631 738 702 celebrarent,
758 628 902 684 dederunt
918 642 1036 698 operam
1061 633 1095 685 ut
1115 645 1193 686 unus
1214 629 1253 686 de
1269 633 1384 702 Pyrrhi

168 742 174 757 “
232 735 234 742 “
286 732 430 790 militibus
457 735 630 807 caperetur,
659 745 746 802 quern
773 731 909 786 lecerunt
935 727 967 786 in
995 731 1082 788 Cireo
1109 729 1257 788 Flaminio
1283 731 1383 792 loouur

164 907 166 912 Α
287 847 383 890 emere
412 837 445 888 nt
471 830 558 904 quasi
584 830 616 889 in
642 831 744 889 hostili
774 830 840 887 loeo
862 827 914 902 jus
945 830 1017 886 belli
1044 830 1195 888 indieendl
1222 831 1381 905 implerent

287 935 415 1004 denique
440 948 476 989 eo
502 932 534 989 in
560 932 627 990 loeo
653 937 722 988 ante
753 931 857 988 aedem
883 931 1024 990 Bellonae
1050 937 1224 990 consecrata
1249 940 1296 992 est
1321 952 1379 993 eo-
1469 923 1470 940 ¹

287 1033 441 1093 lumna“.“
465 1033 620 1092 Slrnulntlo
645 1007 816 1101 indictionis
850 1030 880 1089 in
908 1045 943 1090 eo
970 1031 1036 1090 loeo
1062 1039 1182 1091 servata
1214 1027 1262 1094 est
1289 1042 1375 1108 atque
1469 1055 1470 1098 t

286 1153 325 1194 ex
352 1138 409 1193 hae
436 1137 571 1193 eolurnna
590 1137 769 1192 'eonsecrata
796 1133 907 1192 Consul
933 1139 986 1190 aut
1013 1137 1135 1192 Praetor
1161 1126 1268 1193 bellum
1296 1137 1381 1193 indi-

287 1243 389 1295 cturos
410 1238 525 1294 lissum
546 1233 681 1292 mittebat
701 1250 807 1291 versus
820 1225 886 1291 earn
907 1223 1020 1306 partem'
1039 1237 1237 1320 ubipoqrulus
1257 1237 1382 1294 hostilis

285 1337 453 1412 habitabat,
473 1333 505 1395 in
527 1351 614 1409 quarn
633 1337 776 1394 ducturus
797 1339 862 1391 erat
889 1337 1051 1394 exereitum
1060 1334 1100 1410 ί).
1132 1338 1205 1394 Alio
1226 1337 1309 1394 modo
1330 1339 1386 1395 si-

249 1493 252 1502 .
285 1441 430 1498 muletam
444 1438 635 1496 indictionem
661 1435 828 1494 instituisse
848 1437 998 1495 Romanos
1018 1439 1104 1497 initio
1124 1438 1196 1496 belli
1217 1455 1285 1496 eum
1304 1440 1385 1496 Plri-

288 1541 368 1612 lipuo
389 1551 462 1614 rege
481 1538 678 1597 Macedoniae
699 1536 834 1594 videmus
855 1552 895 1595 ex
915 1537 997 1595 Livii
1018 1537 1195 1614 historin²)=
1222 1541 1385 1614 „consulti

286 1646 358 1701 aunt
372 1641 503 1698 Fetialea
523 1639 695 1712 sconsule,
715 1631 825 1694 belluni
845 1638 924 1710 quod
944 1637 1125 1697 indiceretur
1145 1641 1211 1715 regi
1232 1637 1384 1716 Philippo,

288 1748 385 1801 utrum
412 1739 470 1814 ipsi
495 1740 599 1812 utique
620 1738 749 1798 nuntiari
766 1740 920 1813 juberent,
940 1755 980 1822 an
1006 1740 1081 1796 satia
1102 1746 1184 1797 esset
1190 1781 1200 1816 7
1221 1743 1252 1799 ln
1275 1743 1381 1800 linibus

167 1901 168 1905 ,
288 1844 375 1920 regni
408 1841 486 1914 quod
511 1839 668 1900 maximum
693 1840 873 1913 praesidium
900 1844 999 1914 esset,
1019 1855 1055 1898 eo
1083 1842 1229 1918 nuntiari,
1250 1844 1376 1900 Fetiales

288 1947 498 2017 deereverunt,
520 1947 617 1999 utrum
643 1957 744 1999 eorum
769 1942 894 1998 lenisset
919 1946 1001 2000 reete
1022 1943 1180 2000 iacturum.
1213 1945 1378 2002 consalin

288 2047 428 2106 Patribus
451 2043 626 2117 permissum
651 2048 686 2099 ut
706 2056 792 2114 quern
814 2042 964 2099 videretur
985 2057 1023 2099 ex
1049 2042 1088 2098 iis
1110 2043 1161 2114 qui
1184 2049 1269 2102 extra
1290 2061 1383 2102 sena-

293 2153 354 2204 tum
373 2149 474 2202 essent
492 2144 624 2220 legatum
637 2143 767 2216 mitteret
787 2143 825 2200 ad
843 2143 953 2200 bellum
974 2145 1041 2218 regi
1057 2143 1273 2202 indicendum.“
1302 2147 1386 2204 idem

293 2251 359 2305 fere
381 2251 492 2306 laetum
518 2250 566 2304 est
590 2250 659 2303 ante
687 2245 796 2302 bellurn
822 2261 889 2302 eum
909 2244 1112 2322 Antiocho⁸J.
1153 2245 1289 2316 lienique
1314 2252 1387 2304 ante

293 2350 401 2407 bellurn
410 2345 638 2404 Msaedonieum
659 2347 836 2418 seeundum,
857 2351 918 2404 tres
939 2346 1056 2422 legatos
1078 2345 1251 2405 altomanis
1272 2345 1311 2400 ad
1332 2363 1387 2404 res

294 2448 471 2522 repetentes
497 2445 609 2504 missos·
631 2461 700 2501 esse
725 2444 757 2502 in
778 2445 986 2504 llla‘eedoniann
1013 2447 1294 2518 renuntiandamque
1315 2450 1386 2524 regi

292 2549 451 2608 amicitiam
472 2543 742 2622 narratLivius4),
763 2562 819 2604 nee
839 2552 908 2620 post
929 2548 985 2604 hoe
1006 2552 1123 2621 ternpus
1145 2548 1211 2621 ejus
1233 2549 1277 2607 rei
1298 2567 1385 2608 ineu-

293 2651 337 2711 tio
363 2655 396 2711 nt
421 2650 500 2724 apud
524 2648 685 2721 scriptores
709 2663 807 2706 rernm
832 2649 1038 2706 Romanarum.
1080 2649 1148 2707 Non
1174 2654 1274 2706 tannen
1303 2651 1379 2708 illurn
1423 2717 1426 2724 ,

292 2769 399 2811 morem
412 2753 499 2825 plane
513 2751 663 2820 interiisse
683 2754 821 2822 putamus
843 2751 919 2822 apud
939 2751 1088 2808 liornanos
1109 2767 1178 2808 narn
1198 2751 1272 2810 dieit
1293 2742 1380 2822 Poly-

225 2918 228 2924 ,
292 2853 409 2928 blus⁵):
429 2847 566 2934 βραχὺδέ
583 2872 611 2912 τι
623 2852 749 2912 λείπεται
769 2843 851 2928 παρὰ
865 2845 1013 2929 Ῥωμαίοις
1033 2847 1109 2931 ἴχνος
1129 2845 1170 2912 ἔτι
1191 2857 1243 2930 τῆς
1263 2849 1384 2933 ἀρχαίας

292 2955 426 3033 αἱρέσεως
446 2954 512 3032 περὶ
532 2945 571 3014 τὰ
589 2947 727 3031 nohum&
747 2949 794 3010 καὶ
816 2946 870 3032 γὰρ
891 2953 1060 3031 προλέγουσι
1081 2945 1148 3024 τοὺς
1169 2953 1307 3033 πολέμους
1327 2957 1384 3008 ete.

294 3058 438 3127 Tempore
466 3057 627 3113 Caesarum
653 3052 727 3110 ritus
761 3053 828 3110 illos
862 3054 1019 3126 aliquoties
1051 3054 1083 3110 in
1113 3069 1200 3112 usum
1230 3058 1385 3112 revocatos

292 3171 360 3213 esse
387 3159 486 3211 narrat
516 3155 572 3213 llio
600 3152 776 3228 cassinati),
802 3153 856 3209 sed
881 3154 1022 3210 videmus
1042 3169 1080 3210 ex
1107 3153 1155 3210 lnls
1181 3157 1285 3215 Dionis
1311 3154 1386 3212 loeis

292 3273 402 3316 morem
423 3257 506 3313 illum
526 3245 771 3314 subcessoribus
793 3255 823 3313 in
839 3255 1062 3312 desuetudinem
1078 3255 1208 3332 venisse,
1217 3273 1275 3314 non
1296 3257 1386 3330 enim,

294 3359 320 3416 si
343 3359 399 3417 hoe
419 3355 470 3414 ab'
486 3356 620 3415 omnibus
647 3359 758 3414 laetum
784 3357 907 3432 ruisset,
929 3357 986 3414 hoe
1006 3357 1090 3415 velut
1113 3355 1266 3436 singulare
1287 3371 1386 3416 anno·

294 3456 439 3532 arseni).

363 3643 393 3702 1)
427 3641 531 3718 Festqs
556 3653 579 3692 a.
598 3654 625 3692 v.
643 3639 758 3691 Bellona
785 3652 811 3702 q.
829 3639 873 3691 8¹7.
897 3639 1074 3696 ortmann
1097 3641 1319 3709 1V,ao1.·qq.‚
1348 3641 1383 3692 el.
1459 3591 1465 3606 ἱ

295 3725 417 3781 Conradl
435 3725 469 3778 de
486 3724 611 3776 Fetiallln.
628 3723 676 3785 lV,
693 3723 737 3776 14.
756 3738 781 3788 q.
799 3725 842 3775 68.
860 3737 903 3789 sq.
937 3728 1293 3792 ulterioremque.
1311 3739 1352 3790 sq·

365 3841 394 3908 a)
428 3837 534 3906 xxxi,
550 3843 578 3893 s

368 3963 399 4020 a)
434 3959 494 4010 nn.
513 3958 691 4026 xxxv1‚s.
725 3958 876 4029 xxxviii,
892 3960 938 4014 aa.

365 4059 397 4122 4)
430 4059 584 4124 xn11‚aa.

364 4165 396 4219 a)
430 4161 511 4228 xm,
530 4162 558 4210 a.

357 4259 391 4325 n)
427 4263 467 4324 n,
484 4261 511 4311 4.
547 4259 650 4322 exiri,
667 4262 713 4312 aa.

365 4379 408 4440 7)ι
431 4377 750 4444 telingetuna-crusina
765 4376 801 4431 de
818 4373 1011 4430 sacerdotibus
1027 4374 1106 4431 Rom.
1130 4391 1157 4445 qn.
1174 4375 1220 4431 41.
