2958 5162
202 223 354 336 '64

297 443 412 522 smol).
433 447 550 512 Passim
571 454 651 530 apud
671 455 832 550 scriptores
854 475 892 520 ea
911 477 982 537 pars
1002 467 1131 541 6666666
1152 486 1239 544 quam
1259 473 1379 548 Impera
1453 491 1454 554 }

295 545 345 604 tor
365 547 424 608 sibi
445 554 633 635 acquirebat,
655 561 821 634 appellatur
840 568 1013 647 munuum,
1036 571 1122 644 cujus
1143 565 1399 636 nominis‘Aseo-

297 644 366 705 nius
375 649 408 725 ²)
434 653 514 714 hane
544 662 668 745 praebet
694 663 936 738 explicationem:
966 669 1160 746 „Manubiae
1192 682 1292 735 autem
1326 687 1397 738 sunt
1453 713 1454 722 ¹

295 752 408 822 praeda
438 753 629 831 Imperatoris
656 781 710 838 pro
740 765 875 838 portione
904 769 942 827 de
974 771 1112 832 hostibus
1144 778 1275 855 capta“,
1311 796 1398 853 quam

296 856 409 914 rectam
431 873 580 921 essenon
606 869 657 946 est
680 867 758 939 quod
779 883 941 947 negemus,
963 873 1097 934 simodo
1119 879 1337 942 attenderimus
1364 885 1398 940 ad

295 967 385 1013 usum
405 959 490 1018 vocis
510 961 543 1022 in
562 964 648 1024 libris
668 967 835 1046 historicis3
851 987 913 1042 ,mec
928 973 1093 1038 audiendus
1112 979 1207 1055 igitur
1226 986 1275 1039 est
1292 999 1395 1058 gram-

297 1055 426 1146 metiens
446 1064 526 1138 apud
546 1068 674 1128 Gellium
681 1071 726 1148 ³),
747 1071 799 1145 qui
819 1075 974 1134 manubias
995 1093 1065 1136 esse
1078 1083 1228 1140 contendit
1239 1087 1394 1157 pecuniam

202 1235 207 1247 .
299 1169 340 1216 ex
351 1163 462 1233 praeda
478 1167 637 1230 redactam.
657 1172 723 1232 Niti
741 1173 947 1236 videturhaec
965 1178 1097 1239 definitio
1119 1183 1151 1242 im
1172 1185 1272 1254 studio
1294 1203 1396 1262 gram-

298 1261 401 1321 matici
422 1267 542 1340 etymon
569 1275 600 1329 et
627 1273 773 1349 originem
799 1276 884 1335 vocis
911 1259 1080 1358 indicandi,
1100 1299 1159 1341 usu
1179 1287 1301 1362 proprio
1328 1291 1398 1348 satis

297 1365 498 1446 refellitmt).
540 1375 586 1432 De
606 1375 755 1433 manubiis
774 1378 973 1452 Imperatores
1000 1385 1177 1457 saepissime
1198 1385 1266 1462 Diis
1288 1393 1398 1466 templa

244 1499 246 1505 s
298 1479 331 1535 et
355 1474 543 1535 monumenta
570 1479 782 1538 crebruerunt
807 1483 872 1538 auti
886 1481 946 1540 alio
971 1485 1058 1545 modo
1084 1485 1117 1546 in
1137 1505 1225 1548 usum
1246 1492 1396 1565 publicum

298 1578 510 1638 converterunt
532 1574 558 1651 J.

385 1681 470 1751 Quod
490 1657 626 1738 videmus
646 1696 728 1740 more
749 1683 942 1746 constitutum
962 1687 1068 1774 fuisse
1082 1692 1161 1767 apud
1178 1694 1344 1777 Romanos,
1364 1701 1395 1756 ut
1453 1675 1454 1688 ¹

298 1769 458 1857 aliquando
480 1797 498 1840 e
517 1783 637 1880 praeta!
649 1783 786 1855 hostibus
808 1803 884 1862 quae
905 1792 1008 1852 hostes
1029 1795 1110 1956 a*
1120 1797 1310 1875 eripuissent,
1330 1799 1390 1873 pri-

298 1884 389 1945 stinis
409 1883 491 1974 veris
511 1883 644 1971 dominis
660 1903 716 1944 sua
737 1887 796 1946 sibi
822 1891 977 1952 vindicare
1002 1895 1077 1954 licer
1135 1914 1230 1972 eaque
1252 1917 1270 1958 e
1292 1902 1388 1976 praeis

299 2103 378 2148 neve
405 2087 560 2146 credamus
585 2087 729 2161 pristinos
757 2089 826 2150 illos
853 2093 988 2154 dominos
1018 2098 1088 2171 jure
1124 2102 1250 2174 quodam
1282 2119 1394 2178 ,semper

298 2194 435 2266 repetere
460 2188 595 2264 potuisse
621 2192 805 2250 altomeris
820 2197 911 2266 {bona
939 2215 1004 2258 sua.
1045 2203 1119 2260 Jure
1150 2205 1269 2277 quidem
1295 2207 1395 2264 nititur

203 2307 209 2321 ¹
298 2294 352 2354 ille
373 2281 453 2369 mos,
470 2290 540 2365 jure
566 2290 632 2350 scil.
652 2294 844 2372 postliminii,
866 2314 923 2371 qno
945 2300 1030 2359 cives
1051 2305 1180 2363 Romani
1201 2311 1232 2365 et
1251 2308 1301 2366 vel
1321 2293 1393 2366 socii

185 2039 188 2046 ,
237 1994 240 2002 ’
300 1985 567 2062 exciperenturss)‚
597 1987 762 2046 cavendum
794 1975 857 2068 e'st,
888 2009 927 2050 ne
959 1995 993 2053 in
1020 2013 1149 2066 errorem
1180 2017 1237 2058 nos
1263 2004 1393 2077 abducat,
1453 2001 1454 2014 ¹

300 2401 332 2456 et
353 2394 443 2452 amici
466 2392 575 2474 populi¹
589 2395 674 2452 Rom.
696 2410 753 2452 sua
778 2397 915 2458 hostibus
943 2408 1045 2476 erepta
1064 2404 1098 2463 in
1118 2411 1295 2479 potestatem
1314 2427 1394 2468 suam
1453 2383 1454 2404 ³

299 2499 425 2574 possent
443 2511 586 2554 revocare
595 2494 640 2578 ⁷).
668 2497 752 2565 Quod
768 2497 821 2572 jus
842 2504 910 2560 cunr
930 2504 1049 2577 proprie
1071 2505 1182 2568 civium
1202 2511 1392 2569 Romanorum

300 2596 571 2676 summoneatur,
593 2598 722 2659 Romani
741 2615 869 2674 aequum
894 2605 1058 2664 censebant
1078 2606 1106 2666 si
1128 2609 1180 2683 qui
1201 2611 1340 2670 sociorum
1360 2615 1388 2667 et

301 2701 464 2761 amicorum
490 2699 593 2774 populi
620 2702 705 2774 Rom.
732 2701 811 2760 bello
845 2719 896 2764 res
928 2706 1117 2786 amisissent,
1144 2714 1298 2772 restituere
1322 2728 1387 2787 eas,

301 2803 393 2878 idque
412 2804 537 2878 apparet
557 2815 596 2860 ex
615 2798 699 2867 nivii
723 2801 800 2862 locis
821 2790 911 2880 supra
932 2809 1041 2871 allatis.
1082 2814 1243 2886 Praeterea
1258 2813 1391 2888 justissi-

301 2921 367 2966 mas
388 2921 441 2964 eas
463 2901 673 2964 existimabant
684 2903 892 2980 possessiones
912 2926 987 2986 quas
1007 2913 1086 2974 bello
1100 2919 1204 2992 captas
1216 2917 1392 2993 habebantss)
1453 2919 1454 2924 ’

371 3039 402 3102 1)
435 3038 550 3103 Appiam.
567 3037 620 3104 vi,
638 3037 683 3090 66.
713 3071 715 3076 ·
941 3059 944 3064 Δ

371 3125 403 3184 6)
436 3123 473 3176 ad
490 3122 550 3184 cic,
566 3123 595 3174 in
610 3124 692 3178 verr.
714 3123 760 3176 111.
777 3125 800 3176 1.
817 3139 842 3180 o.
860 3129 903 3182 oo
923 3145 951 3195 p.
968 3129 1021 3184 166
1038 3131 1159 3196 (tirello.

372 3211 403 3268 e)
436 3207 516 3274 xiii,
533 3205 578 3260 61

370 3290 404 3354 4)
438 3289 495 3342 cio.
513 3292 548 3344 ‹ie
565 3284 629 3357 lege
645 3301 740 3356 agrur.
757 3291 792 3359 11,
807 3295 852 3347 66.
862 3296 907 3348 66.
931 3297 1088 3376 Ramsirorn
1103 3293 1199 3352 iateir.
1217 3299 1398 3368 synonymo.

303 3377 339 3434 ff.
356 3375 390 3430 ii.
408 3377 518 3429 11666.
954 3379 957 3388 “

311 3491 313 3495 ⁷
372 3464 404 3522 it)
437 3457 675 3520 oraniooiiectm
699 3466 787 3517 inser.
804 3467 880 3518 latin.
904 3473 935 3518 11.
949 3467 1012 3519 546.
1029 3469 1093 3520 566.
1110 3471 1172 3522 566.
1189 3469 1265 3522 561.Ι
1287 3472 1351 3524 Liv.
1367 3472 1400 3538 X,

304 3545 350 3600 46.
384 3545 455 3598 rim.
472 3545 507 3596 N.
523 3550 557 3600 ii.
581 3549 647 3620 Vis,
665 3553 710 3605 66.
746 3550 802 3602 cra.
821 3551 857 3605 do
872 3549 935 3616 iege
953 3566 1046 3618 agrar.
1075 3554 1119 3620 ii,
1134 3555 1179 3606 66.
1196 3555 1242 3606 66.

373 3650 406 3711 6)
437 3647 499 3700 niv.
515 3649 563 3718 111,
578 3653 623 3707 io.
646 3655 695 3719 ru,
711 3655 755 3704 ee.
772 3651 807 3714 u,
824 3650 868 3702 16.
885 3651 921 3723 ir,
937 3654 982 3706 ao.
996 3659 1043 3707 aa.
1059 3653 1160 3730 xxm,
1177 3655 1224 3708 io.
1241 3654 1361 3724 xxxv,
1376 3655 1401 3708 i.

305 3733 386 3786 nior.
403 3736 438 3788 s.
454 3734 508 3801 rr,
525 3737 569 3788 51.
587 3739 641 3802 xi,
658 3739 702 3790 aa
723 3737 758 3788 cr.
776 3735 923 3788 walteri.
942 3751 967 3790 6.
984 3741 1007 3791 n
1024 3755 1051 3804 p.
1068 3739 1112 3791 61.
1129 3744 1187 3794 rou
1205 3742 1249 3794 ar.

372 3835 404 3898 7)
435 3837 456 3888 1.
474 3837 519 3888 16.
536 3852 579 3902 pr.
595 3839 628 3890 D.
647 3839 682 3890 (16
699 3837 816 3902 captivis
831 3836 890 3904 (46,
907 3837 975 3900 ib).
1002 3840 1092 3896 riura,
1104 3841 1139 3895 de
1156 3843 1344 3896 haerevius
1360 3856 1402 3910 ap.

304 3919 455 3972 heimbach
476 3920 511 3974 de
529 3921 560 3975 c.
578 3923 659 3974 Aelio
677 3924 757 3974 Gallo
773 3922 842 3973 icto.
865 3936 891 3985 p.
909 3923 942 3973 61
960 3937 1002 3987 aq.

374 4025 406 4084 8)
440 4018 502 4088 Gap
519 4023 569 4090 ir,
587 4024 630 4076 16.
649 4024 694 4076 tm.
730 4023 824 4084 Quare
841 4022 946 4074 Gibbon
970 4025 1034 4073 hist.
1052 4034 1077 4073 o.
1094 4022 1139 4074 44.
1166 4025 1292 4079 116111.
1317 4043 1343 4092 p.
1362 4030 1404 4078 66.

305 4119 401 4158 rerum
424 4109 543 4170 mancipi
562 4110 695 4172 originem
713 4120 731 4158 a
754 4109 852 4157 heilica
873 4107 1053 4170 occupatione
1077 4110 1180 4171 repetit
1203 4114 1234 4161 et
1250 4107 1326 4164 Vico
1343 4113 1362 4164 i.
1380 4125 1405 4162 6.

307 4191 400 4256 pust.
415 4194 568 4243 victoribus
585 4193 650 4244 dicit
667 4205 738 4256 quae
755 4192 790 4242 ab
807 4192 931 4242 hostibus
949 4193 1101 4256 cepissent,
1118 4193 1208 4246 fuisse
1225 4208 1272 4246 res
1284 4200 1406 4261 marreipa

306 4276 473 4339 easdemque
490 4288 537 4327 res
554 4278 677 4328 hostibus
701 4278 749 4340 qui
766 4289 816 4327 aas
835 4277 1007 4338 amisissent,
1024 4277 1114 4328 tuisse
1130 4291 1177 4330 ree
1201 4293 1252 4332 uec
1273 4283 1405 4347 munmpt

305 4361 407 4414 Audite
422 4362 558 4414 hominem
574 4357 760 4428 ingeniosum!
