2958 5162
1163 371 1218 442 Θό

8 579 14 594 ·
115 563 242 643 fuerint,
257 559 297 622 'od
315 555 483 622 emioitiom*
498 552 606 620 sooioli
625 554 748 616 foedere
764 547 845 615 iuter
856 567 892 614 se
904 553 1090 632 jungendam
1102 555 1219 630 ooeont,

8 700 11 714 ·
117 685 172 728 eos
190 683 287 741 nequo
308 665 409 724 dioero
426 675 524 737 neque
544 658 793 735 soeipereIegesz
812 657 845 716 fd
858 659 937 717 enim
950 656 1073 716 viotoris
1095 661 1126 714 et
1145 657 1221 716 vinti

8 785 10 794 ·
117 770 223 831 esse“.
248 767 353 827 Feoiie
372 769 473 824 eutem
490 761 671 838 intelligitur
682 761 939 820 iunotooumnon
952 759 1222 832 continerejustnm

8 939 11 951 Ι
116 871 355 931 distributionem
368 868 522 925 foederum
532 867 742 924 Romanorum.
769 862 933 936 Menippus
945 861 1068 921 enimin
1089 860 1224 921 oratione

8 1043 10 1054 ,
119 989 177 1031 suo
196 975 333 1032 Romano
352 969 476 1028 foedera
493 981 554 1026 non
568 981 608 1025 ex
619 965 694 1023 ortis
706 966 777 1042 lege
789 965 907 1024 ordinet
918 979 955 1021 so
966 980 1006 1022 no
1018 963 1137 1022 omnino
1150 963 1223 1037 qni-

8 1055 10 1076 ’
114 1075 185 1132 dem
201 1073 357 1132 foederum
376 1085 491 1149 genere
508 1071 592 1128 reete
607 1066 749 1143 disponit,
769 1066 825 1124 sed
842 1081 952 1124 eonsos
974 1069 1076 1140 effert,
1103 1069 1224 1140 proptor

115 1193 192 1250 quos
212 1177 307 1252 vulgo
321 1177 393 1232 dont
407 1173 529 1231 foedera
546 1172 609 1227 ete
626 1165 1225 1245 quibuspendeetfornneorun1];neo

116 1283 202 1337 reete
228 1277 352 1335 oensuit
380 1279 480 1335 orator
506 1270 631 1334 foedere
659 1269 831 1344 inaequalis
853 1270 988 1364 eontrobi
1009 1275 1125 1329 tentum
1144 1271 1226 1329 inber

117 1380 250 1439 victores
272 1382 303 1436 et
323 1379 439 1453 victos,
462 1373 516 1434 sed
528 1373 618 1432 etiem
630 1371 710 1431 inter
725 1372 908 1446 potentiores
921 1375 953 1430 et
966 1372 1065 1430 minus
1077 1374 1225 1449 potentes,

117 1483 171 1556 qui
198 1493 350 1555 nunquam
377 1479 481 1538 hostes
501 1478 642 1550 fuorunt,
672 1474 796 1532 foedere
814 1471 984 1550 junguntur
1004 1471 1226 1549 inoeqoobv).

206 1580 393 1660 sigonius8)
419 1581 453 1639 in
465 1571 631 1653 partitione
647 1574 803 1632 foederum
826 1576 1026 1634 Romanorum
1038 1575 1228 1649 iniquissimo

120 1683 251 1744 foederis
279 1683 455 1743 eondioione
482 1695 556 1738 usos
577 1693 647 1737 esse
667 1676 741 1734 dieit
758 1675 934 1752 dediticios,
961 1675 1036 1736 odeo
1057 1681 1092 1735 ut
1112 1677 1226 1737 nonin

117 1787 241 1845 foedere
274 1786 329 1844 sed
361 1787 395 1840 in
423 1782 537 1840 ditione
564 1795 635 1837 esse
662 1778 849 1851 dicerenturp
880 1777 1008 1849 nequius
1036 1781 1136 1837 eutem
1162 1779 1225 1838 nli·

118 1891 230 1958 quanto
251 1885 327 1942 illud
348 1883 458 1940 foedus
479 1895 558 1958 esse,
580 1879 631 1938 oui
652 1877 746 1936 verbe
764 1878 827 1936 sint
839 1877 995 1952 odjuuoto=
1016 1881 1225 1957 „majestatem

119 1985 222 2060 populi
249 1987 337 2044 Rom.
366 1983 490 2043 eomiter
517 1981 730 2054 conservent‘p
756 1985 921 2040 extromum
946 1981 1045 2040 fuisso
1072 1981 1228 2056 oequissi-

119 2101 200 2144 mum
227 2087 352 2163 foedus,
382 2101 450 2144 eum
478 2085 517 2143 eb
544 2087 673 2157 ubsque
701 2087 786 2156 porte
813 2089 988 2160 osveretur,
1017 2088 1051 2142 ut
1070 2084 1137 2160 pori
1157 2084 1226 2144 iure

116 2189 247 2246 sooietos
274 2189 415 2261 utrinque
442 2191 474 2244 et
500 2185 636 2243 amicitie
656 2187 850 2256 stutueretur.
891 2184 1022 2244 Primum
1045 2187 1143 2262 igitur
1163 2201 1218 2262 ge-

8 2347 9 2354 ,
116 2306 175 2348 nus
203 2289 359 2348 foederum
387 2304 427 2347 ex
453 2259 582 2364 sigonii⁸
595 2287 745 2344 sententio
765 2289 832 2345 ereb
852 2285 980 2360 deditio,
1002 2288 1058 2345 sed
1079 2301 1145 2346 eom
1166 2302 1226 2361 op-

116 2393 187 2465 poni
208 2391 307 2449 solere
328 2408 347 2447 s
367 2389 512 2449 Romanis
533 2386 707 2447 foederibus
724 2387 788 2460 jum
817 2387 998 2466 diximus4),
1016 2389 1109 2466 idque
1130 2385 1226 2465 Sig‘o-

120 2494 190 2552 nius
211 2493 293 2550 huud
314 2493 456 2568 ignorare
476 2491 606 2567 videtur,
628 2507 695 2549 nom
719 2490 817 2548 oddit:
847 2491 942 2566 „odeo
964 2495 998 2550 ut
1020 2504 1080 2549 non
1101 2489 1133 2550 ln
1154 2493 1226 2548 foe-

121 2596 193 2652 dere
221 2594 277 2653 sed
309 2593 341 2652 in
371 2594 484 2652 ditione
519 2609 590 2651 esse
623 2590 825 2650 dicerentur.“
853 2593 959 2652 Potest
984 2593 1072 2666 sequi
1092 2591 1226 2651 deditio·-

119 2713 185 2755 nem
207 2696 333 2772 foedus,
359 2693 414 2754 sed
441 2711 510 2753 oum
536 2694 605 2767 ipse
632 2693 784 2751 deditione
811 2693 920 2751 foedos
947 2695 1139 2769 eonjunetum
1163 2709 1223 2753 non

120 2802 201 2873 erut,
220 2799 310 2870 plone
338 2794 476 2854 enimin
506 2798 657 2868 potestate
684 2797 885 2855 Romanorum
910 2811 980 2855 esse
1007 2795 1224 2874 intelligeban-

119 2905 170 2960 tur
191 2897 295 2958 dediti

141 3015 145 3024 ’
206 3001 355 3061 Diversae
382 2987 502 3073 putten
529 3003 614 3058 erent
639 3000 725 3076 leges
745 2999 902 3060 foedorum
922 2996 1000 3059 inter
1021 3003 1171 3060 Romanos
1192 3003 1225 3060 et

121 3105 240 3160 exteros
266 3101 408 3177 iotorum,
435 3102 564 3176 ideoque
585 3101 647 3160 elio
667 3101 791 3159 foedere
812 3102 882 3160 eliis
904 3104 1062 3178 sequiora,
1083 3105 1138 3164 sed
1159 3103 1226 3163 dita

120 3203 200 3260 iioile
227 3202 364 3279 videtur,
392 3219 461 3262 eum
488 3207 533 3262 tot
559 3207 664 3262 extent
688 3203 844 3262 foederum
871 3204 1000 3281 medus,
1023 3205 1062 3262 od
1082 3209 1166 3264 oerto
1186 3219 1225 3263 eo

111 3304 268 3366 reducere
296 3320 420 3383 genero.
461 3304 593 3366 Aooedit
618 3307 783 3378 temporum
811 3304 981 3364 diversitos.
1028 3307 1225 3380 'femporibus
1271 3355 1273 3363 .

120 3407 200 3464 enim
225 3411 294 3480 post
319 3407 437 3466 Punioo
462 3409 543 3466 bello
569 3407 697 3467 Romani
724 3407 756 3464 iu
778 3407 915 3466 omuibus
936 3405 1125 3484 foederibus,
1147 3424 1226 3483 quoe·

119 3523 188 3566 oum
205 3509 318 3568 exteris
333 3509 519 3587 junguntur,
541 3508 713 3583 superiores
727 3523 796 3566 esse
809 3506 958 3583 videntur,
980 3509 1112 3583 antiquis
1124 3513 1224 3570 eutem

118 3609 210 3670 Urbis
235 3613 418 3685 temporibus
440 3610 502 3669 olio
523 3617 589 3670 eret
609 3627 709 3671 rerum
730 3608 884 3687 eondioio,
906 3626 1084 3686 quamquem
1104 3611 1156 3686 qui
1174 3627 1225 3672 res

119 3713 271 3771 Romanos
296 3713 497 3788 seripserunt,
521 3711 568 3770 ita
595 3729 714 3790 semper
740 3715 836 3790 egunt
856 3713 895 3772 de
915 3713 1088 3773 foederibus
1109 3714 1225 3774 Romo-

120 3813 186 3889 nis,
212 3818 247 3873 ut
273 3817 325 3872 vol
345 3815 416 3874 indo
437 3815 476 3874 ob
496 3813 584 3872 initio
605 3815 696 3874 Urbis
717 3815 845 3889 populus
866 3816 1020 3876 Romanos
1041 3813 1127 3892 poois
1147 3831 1224 3874 oon-

120 3915 257 3977 dieiones
286 3931 325 3976 ex
350 3933 408 3977 suo
428 3916 586 3977 volonum
607 3917 801 3978 constituisse
821 3913 977 3992 videntur,
998 3917 1103 3976 obedes
1124 3920 1224 3978 nutem

188 4133 270 4198 fios.
290 4136 367 4203 tingo
386 4134 626 4202 drot.11,id‚4.
663 4135 765 4201 benfey
781 4135 799 4188 Ι.
818 4148 842 4189 o.
860 4149 887 4200 p.
910 4135 972 4188 8⁹4.
1025 4197 1027 4202 ,

190 4235 610 4305 2)iing.drot.11,1t,f,4.

190 4335 222 4404 8)
240 4339 274 4390 de
291 4341 372 4404 snoq.
386 4337 450 4406 jore
467 4341 526 4393 ltni.
546 4339 568 4404 1,
586 4340 610 4392 1.

191 4434 225 4507 b)
243 4441 306 4503 1⁴¹5·
324 4437 397 4506 viii,
414 4438 460 4492 11.
495 4439 622 4507 xxviii,
639 4439 685 4495 84.
