2960 5142
1134 375 1201 444 llo

193 547 331 610 Vidimus
358 563 450 623 supra
474 545 601 607 formula
627 563 696 626 „res
718 545 873 621 repetere“
892 545 925 607 id
945 563 1060 623 qnoorm
1081 527 1202 630 signiti-

108 649 173 716 cari
206 658 240 710 ut
265 656 366 709 sontes
393 650 517 726 alterius
543 650 660 726 popuii,
693 649 745 724 qui
769 650 878 724 populo
904 653 1036 711 Romsno
1062 653 1201 728 injuriam

108 753 296 827 intulissent,
323 757 354 810 et
375 753 481 825 eulpae
503 752 661 827 obnoxios,
683 752 750 810 dedi
770 754 979 826 postularetur.
1021 756 1114 824 Quem
1135 771 1201 814 mo-

86 857 89 863 '
111 869 171 911 rem
192 855 328 912 omnibus
356 855 534 926 temporibus
558 871 577 912 n
597 855 739 914 Romanis
759 857 906 912 retentum
927 869 995 913 esse
1016 855 1151 914 videmus
1171 862 1203 915 et

10 963 12 1038 J
103 952 166 1026 jsm
186 954 299 1012 abolito
325 956 510 1014 solemnitate
542 971 592 1014 res
619 955 789 1031 repetendi,
820 955 945 1014 Romani
974 973 1012 1014 ex
1034 955 1103 1027 jure
1130 957 1201 1016 nelli
1263 985 1268 996 =

10 1041 12 1100 ῗ
106 1061 246 1113 suctores
280 1059 311 1111 et
340 1057 489 1131 principes
523 1057 736 1130 conjurationis
768 1061 821 1114 eut
851 1055 1028 1115 delectionis
1055 1061 1201 1118 sociorum

106 1161 161 1213 ant
182 1156 342 1214 deditionis
368 1157 406 1214 ad
432 1159 535 1216 hostes
560 1163 591 1215 et
604 1157 747 1221 ,foederis
768 1161 903 1230 ruptores
925 1156 983 1214 sibi
1004 1159 1072 1216 dedi
1093 1165 1202 1233 postu·

107 1258 219 1316 lebant.
266 1259 412 1332 saepest
437 1260 496 1317 lroc
517 1273 551 1316 se
572 1261 720 1317 facturum
742 1275 810 1316 esse
831 1259 973 1335 populus,
1000 1276 1019 1314 a
1045 1274 1103 1331 quo
1128 1277 1202 1333 pro-

106 1362 192 1419 fecta
213 1365 277 1416 erat
297 1360 421 1434 injuris,
443 1355 621 1436 negaverat,
648 1362 774 1419 Romani
794 1361 873 1418 hanc
893 1341 1110 1419 recusationem
1130 1361 1202 1420 belli

107 1475 230 1519 causam
251 1464 414 1520 sumebant.
456 1461 601 1534 Exempla
628 1477 704 1534 quse
732 1462 858 1519 doceant
884 1460 957 1518 illud
983 1479 1074 1535 saepe
1095 1479 1115 1518 s
1134 1464 1201 1522 llo-
1310 1489 1311 1494 ¹

10 1625 11 1628 Ἴ
109 1562 205 1621 inanis
224 1565 389 1636 quaesitum
407 1577 475 1619 esse
496 1563 527 1619 in
545 1567 659 1634 promtu
681 1565 760 1619 sunt.
800 1560 947 1636 Livius1)
969 1569 1068 1620 narret
1088 1566 1202 1623 llomo·

110 1679 164 1722 nos
190 1663 386 1723 Hannibalem
412 1669 446 1720 ut
477 1663 609 1720 foederis
635 1667 784 1735 ruptorem
809 1662 1035 1738 depoposcisse,
1065 1664 1202 1739 idemque

85 1764 146 1839 ‚de
173 1765 342 1823 Hamilcare
369 1763 508 1836 usuras).
555 1762 758 1836 Dionysius&
784 1764 917 1839 legatum
942 1765 1106 1823 Romanum
1128 1779 1197 1838 pro·

106 1867 219 1923 rectum
247 1881 316 1920 esse
344 1865 418 1920 dicit
443 1863 481 1918 ad
502 1862 626 1920 Lstlnos
646 1860 784 1938 populos,
812 1864 864 1936 qui
883 1863 1012 1920 latrones
1034 1866 1203 1942 emiserant,

107 1971 144 2021 ut
169 1968 271 2022 sontes
292 1961 472 2036 perquisitos
500 1965 530 2019 et
556 1963 697 2021 inventos'
715 1963 773 2020 sibi
794 1964 935 2021 dederent
956 1964 992 2020 sd
1015 1965 1202 2037 supplicium.

108 2064 252 2136 Populum
281 2065 359 2121 enim
386 2065 451 2122 neri
478 2063 580 2122 delicti
607 2064 783 2138 participem
801 2064 862 2148 nisi
883 2069 935 2122 sut
955 2065 1043 2122 dedat
1063 2071 1201 2123 suctores

106 2165 235 2237 injuriae
257 2170 309 2222 aut
330 2166 433 2238 prunist
453 2182 493 2223 ex
510 2166 579 2239 jure
600 2165 681 2240 nelli,
702 2167 790 2223 docet
809 2167 898 2240 Ilugo
910 2166 1079 2242 Grotius4).
1121 2157 1200 2226 Sae-

106 2283 146 2340 pe
173 2265 201 2322 si
221 2267 347 2326 llomsni
373 2269 451 2324 inter
471 2267 574 2324 lrostes
596 2267 730 2339 caprtlvos
755 2266 932 2322 invenerant
954 2267 1087 2326 homines
1107 2283 1126 2326 e
1146 2283 1201 2326 so·

107 2366 220 2424 ciorum
241 2367 374 2441 populis,
402 2366 582 2438 quaerebant
609 2371 707 2423 utrum
734 2365 853 2456 publico
879 2369 1003 2425 consilio
1023 2367 1202 2428 militassent

108 2466 188 2539 apud
208 2467 311 2524 hostes
332 2484 370 2523 un
382 2469 497 2540 privato
515 2467 640 2525 consilio
648 2465 679 2540 ⁵]
702 2470 732 2524 ct
753 2465 860 2524 deinde
881 2473 933 2524 sut
953 2469 1061 2526 bellum
1081 2468 1201 2527 indice-

100 2567 180 2625 'bant
206 2569 297 2625 sociis
330 2572 382 2626 sut
414 2569 550 2645 singulos
584 2568 761 2642 puniebant,
795 2581 917 2640 eumque
949 2571 987 2628 ob
1020 2585 1140 2629 cauom
1166 2577 1199 2630 ul

106 2671 276 2726 averterent
296 2668 370 2726 iram
411 2671 610 2728 itomsnornm
631 2687 650 2725 a
671 2684 706 2725 se
727 2670 759 2726 iu
780 2667 925 2745 singulos,
946 2669 1128 2746 purgare'se
1145 2688 1200 2730 so-

106 2768 208 2827 lebant
228 2770 373 2845 imprimis
394 2771 470 2829 socii
491 2789 512 2827 s
533 2771 655 2828 crimine
676 2769 758 2843 belli,
779 2769 822 2826 its
842 2774 876 2827 ut
896 2771 1038 2845 dicerent,
1060 2788 1118 2830 non
1139 2790 1200 2847 pu-

106 2869 189 2930 blicu
212 2871 336 2928 consilio
363 2885 381 2927 e
408 2885 463 2928 suo
484 2871 592 2943 populo
614 2869 749 2927 hostibus
771 2886 805 2926 se
826 2871 999 2944 adjunxisse
1018 2872 1131 2947 aliquot
1152 2875 1195 2934 ci-

104 2985 161 3028 ves
183 2975 214 3028 et
234 2975 336 3028 sontes
357 2987 391 3030 sc
412 2969 568 3045 punituros
590 2987 657 3028 csse
677 2970 935 3046 pollicerenturd).

191 3071 361 3146 Adjicimus
379 3088 477 3146 prauos
496 3073 533 3129 de
550 3073 741 3147 repressoliis
758 3077 788 3129 et
804 3069 1104 3151 retorsiouejoris'l),
1125 3091 1212 3150 quus,

105 3174 180 3235 belli
202 3175 334 3246 species,
356 3175 383 3231 si
410 3175 453 3232 ila
474 3173 574 3233 dicere
595 3176 682 3249 licet,
703 3173 898 3249 recentiores,
924 3173 974 3247 qui
996 3177 1033 3233 de
1050 3177 1119 3248 iure
1140 3194 1200 3252 pu-

103 3275 184 3338 blico
207 3274 405 3348 scripserunt,
429 3273 499 3346 iure
524 3275 584 3334 nitl
606 3291 714 3352 magno
738 3287 808 3333 'cum
832 3275 980 3334 molimine
1001 3278 1200 3339 demonstrare

103 3376 208 3438 consti
235 3373 356 3450 eunt⁸].
398 3373 461 3435 lies
488 3376 556 3452 ipsa
580 3393 640 3437 nou
664 3377 762 3436 minus
789 3391 877 3452 quam
900 3391 1003 3437 nomen
1030 3381 1196 3454 depresse-

173 3609 203 3676 1)
221 3609 297 3676 xxi,
315 3612 342 3663 d.

174 3693 205 3760 2)
221 3695 324 3759 XXXl,
340 3691 385 3748 11.

175 3781 206 3841 θ)
224 3781 258 3846 V,
278 3781 323 3832 dt).

177 3861 368 3930 amm&

176 3950 208 4014 d)
225 3950 286 4001 Lis.
303 3948 349 4014 Vl,
365 3949 413 4000 23.
430 3943 505 4012 vni,
522 3943 567 3997 87.

178 4032 208 4097 d)
225 4035 287 4083 Ην.
303 4031 351 4098 v1,
368 4030 411 4085 10.
429 4030 473 4082 17.
489 4030 550 4096 vll,
567 4029 612 4082 20.
629 4028 704 4096 vm,
722 4028 766 4082 id.
783 4031 829 4083 28.
863 4029 942 4084 Dion.
960 4031 994 4083 ll.
1011 4029 1060 4096 lll,
1078 4033 1123 4084 so.

177 4114 207 4183 7)
226 4115 267 4168 Gt.
285 4117 430 4168 Finestres
447 4114 466 4166 1.
483 4115 503 4167 l.
520 4132 547 4183 p.
564 4116 609 4166 86.
642 4116 769 4166 Mertens
786 4113 808 4180 i.
825 4115 880 4168 2³4
898 4128 939 4178 sq.
964 4115 1087 4168 lilueoer
1103 4113 1196 4182 §.m

177 4218 208 4283 Θ)
232 4217 303 4268 Vide
323 4217 409 4268 libros
432 4216 552 4268 minores
575 4227 644 4280 quos
667 4218 804 4270 nominant
825 4216 959 4282 ompteda
981 4216 1126 4269 Literstur
1148 4217 1198 4268 des

110 4302 314 4358 lelrerrccdts
337 4301 487 4364 (depenso.
510 4296 601 4365 1⁷86.)
630 4299 707 4353 dom.
731 4300 765 4351 ll.
789 4299 812 4366 l.
833 4301 886 4352 877
903 4313 945 4368 sq.
984 4301 1103 4372 Komptn
1125 4313 1198 4354 neue

110 4389 256 4446 ulterram
272 4383 322 4440 des
337 4383 540 4438 volkerremts
557 4382 641 4450 (liert
658 4383 750 4450 1817.)
766 4381 789 4451 i.
805 4385 858 4439 dot
874 4397 916 4449 sq.

913 4483 971 4544 on
