2960 5142
1175 343 1201 414 9

108 526 234 603 ierunt,
253 525 362 602 utiquo
389 521 427 586 te
450 524 520 600 jore
544 523 679 602 gentium
709 524 884 602 loquuntur,
910 521 996 600 qussi
1017 538 1088 584 veno
1109 525 1203 584 onon

112 631 154 688 sit
173 629 232 692 hoo
255 629 307 705 jus
326 630 360 689 in
380 625 515 687 notetis
534 628 685 687 Bonnense
706 628 903 688 inounebulis.
944 627 1007 688 Sei
1033 624 1125 686 heile
1145 625 1205 686 oo·-

112 731 261 808 uuoimur,
280 735 315 790 ut
335 729 491 790 oretenus
510 729 614 788 ludere
634 745 688 788 eos
707 730 867 803 scriptores
887 743 955 789 oum
970 729 1050 803 juris
1070 729 1209 805 gentium

114 833 245 909 notione,
258 833 302 890 its
321 836 356 889 ut
374 831 461 890 modu
477 829 584 890 iisdem
604 831 779 904 quibusnos
795 830 904 891 fluibus
924 845 991 890 eom
1012 829 1205 890 uireunusui·

112 931 210 1006 psiss'e
247 933 421 1009 videantur,
453 933 540 992 niodo
569 933 668 990 eliens
698 937 729 992 et
763 933 969 992 diversissimo
999 929 1206 992 eumisouisse.

111 1034 160 1092 Ne
180 1037 281 1092 eutem
307 1033 392 1092 ieoili
416 1049 505 1094 menn
526 1039 558 1094 et
577 1035 685 1094 leviter
710 1034 919 1112 gravissimum
946 1033 1024 1092 hono
1051 1031 1207 1107 quaestio·

111 1151 180 1194 nem
208 1135 246 1193 de
270 1133 340 1208 jure
367 1138 502 1212 gentium
521 1137 739 1212 Romanorum,
760 1151 836 1211 quse
858 1141 903 1196 tot
919 1135 1077 1208 ooeupovit
1096 1116 1127 1200 ,et
1147 1149 1212 1194 ve·-

111 1232 198 1297 xevit
222 1236 440 1297 iureconsultos
467 1239 626 1315 egregios,
646 1239 733 1298 nobis
754 1239 885 1298 solvisse
912 1238 1080 1311 vitamus,
1101 1237 1215 1310 proie-·

111 1353 213 1398 mmus
238 1342 368 1399 nostrum
395 1339 590 1416 sententium,
615 1357 702 1414 quem
723 1321 809 1400 uobis
835 1339 1060 1402 informavimus
1084 1352 1208 1411 eompu-
1267 1375 1269 1382 ,

111 1441 206 1499 renio
226 1443 359 1500 veterum
384 1440 553 1500 testimonie
579 1447 611 1502 et
634 1443 833 1503 recentiorum
853 1441 1069 1517 disputationes
1089 1438 1209 1498 disere·
1244 1488 1247 1494 .
1364 1493 1370 1506 .

113 1545 218 1614 pontes
227 1541 267 1619 1).
309 1541 446 1602 Maxime
465 1547 565 1602 eutem
591 1543 777 1618 quaestionis
797 1543 959 1602 ditioultos
979 1541 1073 1602 oritur
1095 1556 1134 1600 ex
1154 1555 1208 1598 re-

114 1641 209 1720 tione,
237 1657 315 1718 queo
340 1644 506 1703 intercedet
532 1645 612 1703 inter
633 1645 686 1719 ius
711 1645 847 1722 gentium·
874 1648 906 1702 et
928 1643 980 1718 jus
1007 1648 1147 1716 neturus,
1169 1641 1210 1702 tie

112 1757 172 1814 qun
197 1759 265 1803 oum
285 1749 440 1818 tantopere
465 1744 645 1802 dissentient
669 1750 789 1804 veteres
806 1746 875 1818 jnre
902 1738 1030 1804 eonsulti
1050 1748 1083 1804 et
1106 1742 1209 1820 philo·

112 1845 214 1918 sophi,
235 1859 296 1902 non
316 1844 422 1902 mirum
442 1842 472 1902 si
496 1843 679 1904 teeentiores
701 1839 762 1906 non
780 1844 981 1906 eonsentinnt.

37 2020 40 2027 ¹
182 1943 239 2002 Jos
260 1943 395 2020 gentium
416 1945 503 2018 quele
523 1944 617 2003 tuerit
637 1959 676 2005 ex
695 1950 795 2005 mente
810 1948 1024 2023 Romanorum,
1047 1944 1209 2025 eognosol-

112 2046 162 2101 tnr
181 2039 409 2105 'definitionibus
436 2046 613 2121 scriptorum
634 2052 665 2106 et
692 2048 855 2126 institutis,
876 2063 953 2122 quse
974 2049 1054 2123 juris
1074 2050 1211 2128 genum

110 2161 181 2204 esse
207 2145 367 2206 voluerunt
386 2147 522 2206 Romani.
563 2148 694 2208 Pnimum
714 2155 813 2208 eutem
838 2147 982 2212 indioium
1008 2150 1209 2210 institutorum

111 2263 152 2306 ex
174 2247 244 2321 jure
271 2247 407 2324 gentium
426 2253 565 2308 notorum·
590 2249 623 2308 in
643 2265 680 2308 eo
701 2254 764 2326 est,
784 2253 819 2310 ut
839 2265 940 2310 onnes
961 2255 1070 2329 gentes
1090 2251 1209 2328 seponit

110 2348 197 2408 modo
223 2350 263 2408 iis
290 2353 428 2424 utentur,
456 2353 590 2423 potestus
623 2351 717 2426 igitur
742 2351 782 2409 iu
815 2351 919 2414 utendi
945 2367 1005 2412 uon
1035 2354 1164 2428 pendeat
1190 2370 1211 2414 e

112 2448 305 2520 possessione
321 2449 400 2522 juris
420 2451 606 2527 singulorum
627 2452 791 2511 eivitntum.
817 2453 916 2523 onos
934 2456 1085 2532 peregrini
1107 2470 1210 2520 omnes

112 2564 173 2606 non
193 2550 278 2608 modo
299 2550 332 2608 in
358 2551 455 2625 patna
476 2567 533 2611 sue
552 2552 607 2610 sed
628 2552 717 2612 etiam
738 2559 824 2612 entre
844 2557 919 2616 ines
939 2555 1007 2630 ejus
1028 2557 1108 2630 juris
1128 2573 1209 2635 gen·

110 2651 185 2708 tium
205 2651 367 2727 participes
387 2656 467 2714 sunt.
495 2653 641 2729 Legimus
661 2655 694 2713 in
715 2655 851 2730 Digestis
859 2654 907 2732 ²J=
929 2657 1112 2736 „deportati
1132 2675 1210 2734 queo

108 2750 187 2823 juris
207 2753 307 2810 eivilis
334 2758 420 2830 sunt,
441 2769 501 2813 non
519 2757 654 2830 ‚habeon
676 2769 752 2830 quoe
773 2769 845 2814 vero
868 2757 947 2830 juris
973 2761 1109 2836 gentium
1129 2766 1209 2839 suot,

112 2852 249 2910 hobent“
270 2853 403 2912 oivitotis
424 2855 503 2914 euim
521 2855 591 2928 jure
611 2857 721 2916 omisso
742 2857 947 2931 «leporinum
967 2862 1210 2940 perernitotem

110 2951 225 3011 reoooti
246 2953 381 3029 erent³).
419 2957 522 3028 Atque
543 2954 695 3031 (iejusffi
716 2959 812 3030 ,‚hooo
835 2960 988 3038 obligatio,
1008 2962 1115 3040 iuquit,
1135 2980 1210 3038 pro-

111 3053 204 3129 „prte
228 3054 339 3114 nivium
360 3057 559 3118 Romanorum
581 3063 644 3135 est,
665 3063 766 3118 oetero
786 3075 858 3120 vero
875 3061 954 3134 iuris
973 3064 1108 3140 gentium
1129 3071 1209 3142 sont,

111 3155 241 3229 „iteque
260 3155 339 3214 inter
358 3173 460 3220 omnes
481 3158 616 3224 homines
636 3161 703 3219 sive
723 3162 807 3222 cives
820 3161 887 3222 sive
906 3166 1059 3242 peregrini
1078 3168 1209 3226 velent.“

113 3255 260 3328 Ulpianus
269 3253 302 3330 ⁶)
321 3257 453 3318 breviter
468 3261 521 3334 jus
541 3262 677 3337 gentium
697 3263 741 3322 ite
761 3263 905 3336 explicet:
926 3265 1000 3342 „jus
1010 3267 1143 3344 gentium
1162 3273 1210 3328 est

113 3372 199 3432 „qno
220 3361 328 3434 gentes
357 3359 503 3420 nonense
523 3362 680 3430 ιιῐιιιιῐιιι.“
722 3365 806 3442 Quae
827 3381 894 3427 eum
914 3366 958 3430 lto
978 3367 1057 3445 sint,
1077 3385 1136 3432 non
1157 3376 1209 3429 to-

184 3539 215 3605 1)
248 3542 379 3594 Dirksen
397 3540 471 3595 iiber
492 3544 536 3596 die
559 3543 835 3612 uigentininlionkeit
859 3549 909 3601 des
931 3552 975 3603 ius
999 3554 1118 3618 gentium
1137 3555 1208 3607 nauh

116 3627 169 3680 deu
180 3627 396 3694 vorsteliungen
413 3629 464 3679 (ter
480 3631 581 3681 Romen·
597 3633 640 3682 ine
658 3633 836 3684 liteinisenes
848 3633 1209 3704 Museumtsuntsprudenn)

115 3715 129 3763 1
136 3747 146 3779 ‚
163 3715 188 3765 1.
217 3729 244 3777 p.
262 3715 368 3766 1-oo.
403 3712 584 3764 Freiesieben
606 3716 733 3783 Boiorige
762 3727 814 3767 nun·
837 3719 905 3772 rim.
934 3721 1206 3787 Reolttsgesohtoite.

115 3799 299 3866 Lng.1s26.
324 3813 350 3863 p.
368 3802 412 3850 88.
437 3811 497 3864 sqq.
531 3799 693 3852 Bionioom
714 3805 742 3853 tn
764 3803 892 3854 Exourso
915 3803 949 3855 ed
973 3803 1108 3857 creusert
1130 3810 1207 3859 euti·

116 3886 196 3947 quitt.
214 3883 293 3934 Rom.
311 3882 366 3947 (ed.
383 3880 449 3945 uta)
467 3898 493 3946 p.
512 3881 642 3934 41-44.
660 3890 689 3937 et
706 3888 749 3936 in:
768 3887 859 3938 Neues
876 3887 978 3942 Archiv
994 3887 1041 3942 tiir
1057 3889 1206 3946 criminet-

117 3969 204 4020 reoht.
223 3967 255 4018 u.
273 3967 323 4034 xi,
340 3959 379 4019 St.
398 3967 423 4019 l.
441 3979 468 4018 u.
487 3969 513 4018 o.
531 3982 556 4032 p.
575 3966 635 4018 101.
653 3983 712 4034 sqq.
731 3976 761 4026 et
776 3973 817 4024 St.
835 3975 860 4027 2.
874 3968 905 4028 u.
922 3973 965 4029 11.
982 3987 1009 4038 p.
1025 3975 1087 4030 203.
1105 3989 1165 4042 epp.

183 4082 214 4150 o)
246 4086 266 4137 ι.
284 4086 326 4140 ιι.
344 4081 366 4150 o.
384 4085 410 4136 ι.
428 4086 461 4138 o.
479 4085 514 4137 os
531 4087 626 4148 poenis
644 4085 703 4152 (ss,
721 4088 786 4153 to).

184 4201 215 4268 8)
249 4202 268 4252 1.
287 4201 328 4254 10.
346 4201 367 4268 i.
386 4203 462 4262 Μ).
480 4203 515 4255 ie
533 4206 560 4259 iu
580 4201 707 4270 jusvoo.
725 4205 827 4273 (m.)

183 4303 214 4368 4)
248 4301 301 4368 ιιι,
318 4305 361 4354 ss.

185 4403 215 4470 ὅ)
250 4407 267 4456 1.
288 4403 311 4455 1.
330 4401 352 4470 i.
370 4404 396 4454 4.
413 4405 445 4457 D.
463 4405 498 4458 ie
510 4403 578 4473 just.
597 4411 626 4460 et
644 4405 710 4475 jure
727 4408 836 4477 (1‚t.).
871 4400 873 4409 '
