2960 5142
1131 339 1186 414 ta

89 527 257 594 notantes
279 515 792 608 nxerunt13utmueu012)qut
820 516 865 580 ita
893 514 1041 594 dispumr
1083 517 1186 596 „Eine

90 647 198 709 grosse
222 623 498 688 Aurncrkssmncit
522 623 656 682 auidas
681 623 882 682 Vblkerrecht
905 622 1028 682 verrtth
1051 621 1102 682 bei
1126 623 1187 682 den

91 737 220 793 Rbmcrn
242 745 299 797 nur
313 728 396 787 'neit
426 725 480 784 der
502 725 602 784 freien
626 725 778 799 Republik
803 724 854 782 die
876 725 1067 801 Anordnung
1101 724 1186 784 eines

8 875 10 880 ·
92 836 218 910 eigenen
244 831 471 904 Depsrtemente
496 825 551 886 der
576 825 783 902 answttrtigen
807 827 1105 905 Angelegeuheiten,
1132 827 1187 885 des

8 933 10 982 t
92 934 218 1011 collegii
247 933 302 990 der
331 929 501 988 Fetialen.“
531 930 634 1002 Atque
663 927 802 987 similiter
831 929 885 988 alii
914 929 1083 1001 loquuntrrr.
1124 929 1187 992 Sed

8 1055 10 1072 =
84 1033 327 1104 examinantibus
358 1030 445 1090 nobis
475 1046 599 1090 munera
627 1033 718 1104 etque
749 1029 852 1090 officia
880 1029 1055 1109 Fetialiunr,
1086 1033 1188 1107 qualia

86 1137 310 1214 perspiciuntur
330 1147 369 1190 ex
394 1132 521 1192 historia
545 1131 689 1190 bellorum
705 1131 769 1207 jam
789 1133 900 1190 dudum
920 1133 1002 1194 haud
1021 1133 1100 1194 levis
1121 1139 1187 1194 orte

86 1245 135 1302 est
165 1235 299 1311 suspicio
328 1234 366 1291 dc
392 1249 503 1310 magna
527 1233 688 1292 Fetialium
719 1234 897 1292 auctoritate
929 1249 1025 1308 eaque
1054 1236 1187 1310 suspicio

86 1340 213 1399 mirifice
240 1336 406 1411 augebatur
431 1334 561 1394 lectione
586 1333 705 1412 egregii
730 1333 878 1412 libelli3],
902 1335 989 1410 cujus
1009 1337 1188 1402 mentionem

85 1457 180 1516 supra
200 1437 336 1498 fecimus.
368 1437 578 1498 Persuasimus
599 1437 679 1496 enirn
698 1439 801 1515 uobis,
820 1439 1005 1498 recentiores
1025 1439 1188 1514 scriptores

85 1544 228 1615 deceptos
248 1556 317 1600 esse
341 1539 482 1598 laudibus
502 1539 611 1614 quibus
625 1541 755 1598 *ederunt
773 1539 906 1598 Fetiales
925 1539 987 1614 ipsi
1007 1541 1135 1600 Romani
1155 1543 1187 1598 et

84 1643 211 1704 maxime
231 1640 397 1713 Dionysius
409 1631 481 1702 Hel.
501 1644 591 1714 amne
610 1642 801 1719 Plutarchus,
822 1655 946 1716 quorum
965 1644 1098 1716 tempore
1118 1659 1187 1706 cum

83 1746 167 1804 nulla
181 1748 263 1802 esset
273 1741 435 1804 Fctieliuru
448 1742 611 1802 auctoritas
631 1746 664 1800 et
682 1745 827 1820 potestas,
851 1742 983 1816 sonorus
1003 1743 1188 1818 reipublicae

82 1846 268 1919 temporibus
300 1843 335 1900 hi
351 1841 522 1913 scriptores
547 1857 568 1899 a
591 1841 758 1902 Fetialibus
779 1841 947 1916 judicatum
973 1859 1042 1906 esse
1058 1850 1189 1904 nonen

83 1948 124 2003 de
144 1945 289 2006 beliorum
304 1941 426 2016 justitia
444 1942 513 2001 sive
532 1942 690 2017 injustitia.
726 1944 788 2006 sed
807 1943 906 2008 rninus
926 1961 1016 2019 quana·
1033 1946 1188 2006 recentio-

84 2061 136 2104 res
157 2049 277 2104 veteres
302 2045 359 2104 1111
374 2044 538 2119 scriptores
562 2045 800 2121 reprehendendi
825 2050 910 2125 sunt,
930 2046 959 2106 si
977 2047 1066 2112 modu
1085 2052 1189 2112 atten-

82 2147 233 2224 derimus,
262 2162 339 2221 quae
364 2147 444 2214 belle
469 2147 597 2208 Renum
618 2148 704 2222 justa
724 2146 1013 2224 existimaverint).
1053 2150 1187 2211 Fetiales

80 2253 262 2324 interpretes
288 2249 408 2324 quidem
433 2253 519 2307 erant
541 2249 621 2323 juris
641 2247 817 2326 Fetiaiisii),
842 2248 871 2308 si
897 2250 1072 2326 angustiore
1092 2265 1186 2312 sensu

81 2354 163 2411 hano
187 2367 294 2410 vocem
327 2348 492 2422 accipimus
524 2356 614 2425 atque
651 2353 851 2414 decernebant
881 2355 914 2412 et
939 2351 1116 2425 judicabant
1146 2355 1187 2414 de

81 2454 254 2512 rebus'hcc
269 2451 341 2523 jure
360 2452 553 2526 praescriptis
575 2457 704 2528 etoquae
723 2457 895 2528 spectarent
914 2455 1058 2520 formulas
1079 2459 1111 2514 et
1131 2471 1188 2515 ce-

82 2552 248 2628 remonias,
268 2552 356 2625 cuius
382 2529 427 2610 rei
452 2553 574 2630 insigne
599 2556 767 2629 exemplum
792 2555 915 2616 exhibet
934 2555 1099 2633 Liviusss),
1119 2573 1188 2618 cum

80 2656 160 2718 haee
180 2656 295 2712 narrate
325 2688 349 2728 =„
356 2653 502 2720 Consulti
518 2659 589 2714 s'trnt
608 2656 742 2714 Fetiales
770 2672 791 2714 a
809 2657 946 2733 consule,
972 2658 1087 2718 bellurn
1108 2660 1189 2733 quud

79 2755 291 2834 „indiceretur
311 2756 379 2831 regi
389 2758 539 2834 Philippo,
560 2760 660 2816 uuum
679 2757 740 2832 ipsi
760 2757 864 2832 utique
885 2758 1016 2819 conbort
1028 2756 1186 2840 juberent,

79 2874 150 2934 „an
176 2856 252 2916 satis
288 2860 371 2914 esset
396 2857 430 2916 in
452 2858 564 2917 'utribus
589 2859 678 2934 regni
703 2859 783 2932 quod
809 2861 975 2933 proximum
1004 2863 1187 2934 praesidium

76 2961 203 3036 ‚,esset,
224 2973 260 3014 ec
284 2957 433 3016 nuncieri.
472 2959 607 3018 Fetiales
627 2963 826 3020 demanant
842 2965 942 3024 utrum
967 2977 1069 3028 eorum
1088 2965 1188 3022 fecis-

79 3063 171 3136 „set,
196 3062 280 3124 recte
305 3059 490 3120 rseturmnf‘
531 3063 570 3120 In
597 3060 651 3118 teli
676 3061 771 3137 igitur
796 3077 831 3120 re
852 3063 1029 3136 judicabant
1054 3066 1188 3126 Fetieles

80 3165 114 3220 et
140 3161 355 3237 decernebant,
377 3163 456 3236 quod
477 3162 595 3238 Justum
620 3167 717 3240 esset,
743 3163 800 3222 sed
823 3181 972 3238 nunquam
999 3182 1051 3224 ecs
1077 3169 1187 3242 populu

79 3265 217 3320 Romano
237 3261 348 3320 bellurn
369 3264 553 3330 dissensisse
566 3265 710 3340 legimus,
733 3264 843 3338 quippe
852 3267 930 3338 quod
939 3266 1082 3340 injustum
1094 3274 1187 3332 esset.

79 3365 191 3439 Neque
216 3366 281 3422 crat
308 3361 426 3424 omnino
453 3367 631 3444 collegi-um,
652 3366 732 3441 quod
756 3366 930 3428 decerneret
954 3372 1132 3448 etregeret
1151 3371 1185 3432 in
1288 3415 1289 3420 η

152 3529 183 3628 no
216 3559 328 3628 ntpsru
346 3563 381 3616 os
397 3565 511 3632 magar.
527 3541 606 3622 non.
632 3559 682 3634 tv,
700 3569 729 3622 e.
756 3535 837 3634 nugo
855 3562 970 3624 crotous
988 3565 1022 3622 ee
1035 3563 1102 3642 jane
1118 3569 1185 3629 bern

82 3659 122 3702 ac
139 3648 219 3712 pacis
241 3647 282 3710 11,
299 3647 352 3715 28,
366 3647 398 3701 4.
467 3675 470 3682 Δ
785 3645 787 3650 ’
1073 3675 1075 3682 ,

151 3759 182 3830 2)
216 3764 421 3830 nuroptncnes
438 3764 626 3820 Vbilrerrecbt
647 3769 671 3822 Ι.
688 3783 715 3836 p.
732 3770 778 3824 80.
868 3801 877 3810 υ

155 3878 186 3948 8)
221 3881 260 3949 (J.
279 3882 343 3934 chr.
360 3885 455 3946 Stuss)
472 3884 625 3938 Gedanken
641 3899 697 3940 von
715 3888 768 3941 den
784 3887 914 3944 Fetialen
930 3892 980 3950 des
998 3867 1074 3944 ulter
1090 3892 1185 3959 Rome,
1235 3867 1241 3878 ’

85 3967 213 4034 cutting.
229 3979 259 4020 u.
276 3967 374 4031 Leipn.
392 3969 474 4024 1757.
491 3973 519 4022 8.
552 3971 757 4026 Praefationem
773 3976 837 4028 bute
856 3977 1080 4033 commentationi
1095 3989 1184 4042 pruc-

84 4053 161 4112 misit
176 4052 253 4103 iectu
276 4051 463 4118 dignissimam
480 4056 507 4108 J.
524 4057 563 4108 Μ.
581 4057 697 4112 Gesner.

155 4163 187 4234 4)
221 4179 307 4232 supra
328 4185 355 4235 p.
373 4172 418 4224 47.
436 4185 495 4238 sqq.

154 4284 187 4354 s)
222 4285 273 4340 cro
290 4285 324 4338 ae
340 4289 414 4360 regg.
448 4291 490 4360 11,
506 4291 557 4360 ra,
576 4291 619 4346 as.
655 4295 692 4353 et
709 4295 752 4363 11,
770 4295 802 4361 a,
819 4295 866 4354 aa

156 4403 186 4472 o)
219 4402 329 4474 xxxr,
346 4407 375 4460 e
