2958 5162
1169 383 1222 458 81

7 537 10 638 J
121 551 251 629 publice·
264 549 342 610 inter
355 547 440 608 'dnus
460 547 587 624 populos
608 567 668 610 nen
689 549 831 614 solemnis
852 553 1084 632 (unteierliehcr
1104 565 1227 626 staats.

122 653 272 730 uertmg).
321 654 406 711 ilaec
428 644 543 730 autem,
566 669 655 728 quam
675 657 824 729 pactionis
846 659 1096 736 significationem
1115 683 1229 743 propo..

122 757 200 834 snit,
227 770 309 812 mera
335 755 442 812 nititur
464 755 637 828 conjectura
656 774 755 835 neque
776 760 894 819 omnine
914 762 973 820 leci
995 767 1103 838 quibus
1124 770 1229 848 utitur,

7 917 8 924 χ
122 859 184 916 tele
210 854 281 930 quid
308 856 451 914 indicant.
498 859 545 918 lie
566 874 625 932 qua
645 875 689 937 re,
710 861 854 934 imprimis
875 864 914 922 de
934 865 1057 926 t’eederc
1078 871 1157 944 quod
1178 873 1229 929 di·-

7 943 8 946 *
121 961 198 1019 citur
213 957 379 1034 Gaditano,
401 957 433 1016 in
455 962 649 1038 sequentibus
670 962 848 1024 videbimus.

114 1093 118 1100 ·
204 1063 254 1120 lix
282 1059 347 1118 solo
374 1061 460 1120 veeis
489 1065 587 1134 etymo
615 1065 646 1120 ct
673 1065 897 1136 potestatetali
917 1067 1004 1129 inre
1024 1087 1085 1133 non
1104 1076 1228 1135 mnltnm

117 1162 357 1237 excutiputest,
385 1166 503 1222 constet
524 1162 603 1220 enim
624 1179 712 1222 nsum
733 1166 911 1240 saepissime
932 1171 1105 1248 discrepare
1126 1182 1157 1235 et
1177 1180 1228 1237 vel

7 1261 9 1268 ¹
117 1264 298 1323 contrariam
325 1266 463 1346 propriae
490 1279 567 1338 quae
595 1264 719 1343 dicitur,
747 1267 828 1326 haud
854 1285 922 1331 raro
948 1273 982 1338 in
1008 1292 1096 1335 usum
1116 1294 1227 1354 recep-

29 1386 31 1390 .
116 1370 180 1429 tam
207 1379 278 1422 esse
303 1366 564 1442 significationem.
613 1369 711 1439 Quare
744 1370 825 1430 bane
854 1373 1057 1450 ingrediemur
1084 1379 1165 1438 mem
1193 1389 1228 1440 nt

112 1466 305 1541 inquiramus
327 1483 405 1541 quac
425 1468 520 1528 fuerit
540 1469 590 1528 vis
610 1471 696 1528 voci·
718 1453 755 1529 in
772 1489 908 1534 sermone
928 1479 1064 1558 publice,
1087 1497 1139 1540 eos
1160 1484 1227 1560 igi-

116 1573 167 1629 tur
195 1570 430 1629 examinabimus
458 1571 557 1648 lucus,
583 1571 637 1630 ubi
657 1571 807 1645 pactionis
827 1575 861 1634 in
881 1577 940 1636 tine
960 1580 1032 1638 belii
1052 1585 1162 1643 mentio
1184 1589 1227 1644 fit.

115 1673 153 1733 In
186 1665 339 1732 deditione
372 1676 473 1729 eutem
504 1673 649 1746 imprimis
682 1667 801 1734 urbium
833 1679 864 1732 et
896 1682 1060 1738 casnetum
1086 1683 1227 1746 dicuntur

115 1773 192 1832 victi
224 1773 340 1848 pacisci
373 1773 507 1846 aliquid‚·
528 1774 614 1829 velut
638 1773 732 1832 vitam
760 1775 883 1835 salvam.
930 1781 1082 1860 Liviue¹J
1108 1793 1226 1850 nemete
1268 1861 1269 1866 η

113 1875 236 1952 deditio!
263 1859 330 1932 tieri
358 1876 465 1944 coepta
492 1875 523 1930 et
549 1873 636 1946 pacti
664 1874 716 1948 qul
744 1877 921 1938 samnitium
953 1882 1069 1961 iurent,
1095 1892 1130 1946 ut
1157 1905 1224 1948 cum

115 1973 248 2050 singulis
287 1973 475 2049 vestimentis
518 1975 723 2036 emitterentur
758 2011 803 2024 -
837 1981 930 2040 sociis
963 1987 1140 2048 Samnitium
1172 1992 1226 2050 ni·-

113 2075 160 2134 bil
187 2071 333 2134 cautum“
363 2075 401 2150 (i.
430 2090 456 2132 e.
477 2074 555 2134 nihil
576 2077 767 2150 excipiebant
787 2096 885 2153 neque
905 2083 996 2143 ullam
1019 2090 1223 2152 condicionem

111 2177 146 2236 in
167 2175 348 2234 deditionem
368 2175 616 2253 paciscebantur)
637 2180 697 2254 „ad
717 2185 833 2255 septem
854 2184 948 2242 millia
969 2190 1025 2246 sub
1043 2206 1238 2254 coronare·

113 2276 224 2335 ιιὶοιειζ
249 2281 340 2350 atque
366 2277 426 2334 alio
452 2276 576 2352 lcc0²J=
603 2280 773 2357 „}1ispeni,
795 2283 883 2362 dicit,
905 2303 972 2346 cum
995 2296 1119 2355 consule
1139 2299 1222 2370 pacti

112 2383 201 2454 sunt,
226 2382 262 2436 ut
287 2379 355 2437 sine
383 2377 492 2436 fraude
514 2380 699 2440 emitteretur
720 2384 866 2446 Punicum
885 2391 1096 2461 praesidinn‘t
1117 2399 1221 2459 ldcm-

113 2478 214 2554 qnei)
240 2479 358 2539 consuli
383 2480 564 2553 triumphum
590 2487 733 2558 negatum
755 2501 824 2544 esse
845 2497 962 2569 narrat,
984 2498 1063 2568 qnod
1081 2475 1220 2574 'captivos

114 2582 182 2642 sinc
201 2583 344 2656 paccione
365 2565 539 2658 subjugum
560 2584 694 2643 misisset
714 2583 784 2660 et4)
805 2606 859 2662 per
868 2596 1042 2665 pactionem
1057 2601 1132 2658 urbe
1144 2603 1220 2661 hes·

110 2684 193 2744 tibus
221 2685 332 2743 tradita
358 2684 488 2743 inermes
517 2701 584 2744 cum
613 2687 744 2762 singulis
772 2691 959 2754 vestimentis
986 2699 1113 2760 emissos
1140 2721 1218 2764 esse.

110 2787 154 2846 Ut
174 2786 252 2844 elius
274 2786 429 2856 seripturis
451 2787 622 2844 testimonio
641 2792 760 2861 utemur
779 2793 997 2874 saflnstimip
1018 2803 1218 2880 ‚maguntiam

7 2941 9 2954 y
109 2886 256 2958 imperata
282 2877 448 2961 ¹iacturum,
471 2887 562 2962 dicit,
591 2905 628 2946 ac
650 2890 716 2948 sine
737 2892 799 2948 ulla
820 2898 958 2966 pactione
980 2918 1054 2960 sese·
1070 2921 1216 2982 regnum-

112 3003 171 3060 que
199 2987 237 3067 in
258 2987 341 3043 iilius
369 2986 457 3043 tidem
487 2988 635 3047 traderet
680 2993 717 3048 In
738 2995 882 3055 emnibus
909 3001 958 3058 bis
986 3003 1061 3080 iocis
1082 3009 1157 3066 vieti
1178 3011 1218 3068 ed

112 3089 293 3148 deditionem
322 3088 482 3164 conpulsi,
510 3105 576 3146 cum
604 3091 698 3166 igitur
719 3109 753 3152 se
774 3111 888 3171 sueque
910 3104 1008 3162 omnia
1029 3105 1138 3168 dedere
1160 3127 1216 3172 cc-

112 3191 257 3264 gerentur
277 3189 430 3264 Romanis,
452 3191 566 3264 aliquid
587 3191 647 3248 sibi
668 3200 776 3254 cavent
797 3203 828 3254 et
848 3201 971 3261 victoris
992 3211 1134 3279 potestati
1156 3229 1215 3272 ne-

109 3289 178 3350 lunt
206 3289 355 3374 submitti,
384 3292 462 3362 qued
488 3293 585 3368 igitur
612 3297 647 3352 ut
673 3293 733 3352 sibi
758 3307 913 3360 reservent
939 3309 1008 3364 ante
1034 3287 1215 3374 deditionem

111 3395 208 3466 agunt
234 3405 302 3450 cum
328 3392 452 3454 victore.
499 3394 585 3452 Victi
613 3395 708 3471 igitur
733 3397 766 3457 in
792 3415 860 3460 eum
886 3407 996 3464 statum
1017 3410 1140 3488 redacti,
1162 3415 1213 3472 di-

111 3495 220 3554 cuutur
244 3491 359 3566 pacisci
388 3509 468 3574 curu*
481 3495 609 3572 victore,
630 3499 798 3570 pactionem
825 3503 920 3578 igitur
946 3510 1056 3568 iacere.
1099 3515 1160 3572 Sed
1181 3518 1213 3576 in

112 3594 216 3652 eadem
248 3609 347 3653 rerum
382 3595 556 3654 condicione
589 3599 719 3658 victores
752 3617 868 3675 quoque
899 3607 1046 3672 interdum
1074 3615 1213 3677 dicuntur

111 3699 216 3770 tractes
244 3709 315 3756 esse·
340 3697 453 3770 aliquid
479 3702 514 3758 ut
540 3700 668 3774 legimus
696 3703 775 3776 apud
802 3705 976 3787 Liviumss)=
1004 3714 1135 3790 „deditio
1165 3724 1211 3777 est
1313 3696 1314 3705 ἵ

181 3911 209 3980 1)
226 3915 277 3980 ΙΧ,
295 3913 338 3967 42.

177 4015 207 4081 8)
225 4018 284 4066 biv.
303 4017 402 4083 XXIV,
419 4016 466 4068 46.
484 4019 519 4086 ci.
537 4021 688 4089 xxxviii,
705 4025 730 4077 9.

180 4115 210 4183 8)
228 4117 264 4180 X,
281 4119 325 4168 86.

181 4217 210 4283 4)
230 4218 276 4282 v1,
294 4221 319 4270 8.

178 4318 208 4383 d)
225 4321 287 4383 ing.
304 4321 347 4372 69.
367 4323 402 4373 ci.
420 4325 482 4378 ibid.
501 4338 525 4378 c.
543 4325 588 4377 26.

176 4425 205 4490 6)
223 4421 311 4487 xxii,
334 4423 380 4474 52.
399 4425 432 4476 ei.
451 4427 604 4495 xxxviii,
624 4430 667 4480 15.
