2958 5162
251 375 309 448 84

252 557 363 618 foedus
389 573 457 620 cum
482 558 582 639 magis
607 560 667 622 ide
686 559 770 622 illius
790 559 909 642 populi,
927 559 1179 643 justitiarum,
1199 567 1355 626 vetustate
1461 567 1462 570 ’

252 662 381 736 denique
408 665 476 738 ipsa
504 680 592 738 quam
620 665 721 740 aliquo
741 666 864 726 viuculo
885 667 1041 743 religionis
1068 669 1246 726 teneretur“
1273 671 1354 746 (nou
1461 659 1462 720 Ϊ

253 765 332 824 enirn
366 770 431 823 erat
464 768 595 825 solemne
626 769 735 825 foedus
761 785 816 842 per
843 769 976 826 Fetiales
999 770 1091 843 jussu
1116 773 1150 829 1¹.
1176 773 1214 848 it.
1239 771 1354 847 ictum)

252 868 406 940 sapientes
432 868 567 926 homines
595 874 626 927 et
654 871 767 944 publici
790 871 870 943 juris
897 859 985 943 periti
1007 873 1150 930 Gaditani
1169 873 1215 930 M.
1236 875 1356 946 Lepido
1461 913 1462 938 r

253 969 288 1039 Q.
317 970 424 1028 Catulo
451 987 529 1028 coss.
556 987 577 1027 a
597 957 771 1031 senatuis
792 973 914 1030 foedere
935 975 1172 1045 postulaverunt.
1215 977 1292 1032 'ium
1305 981 1357 1034 est

254 1061 323 1128 cur'u
351 1074 508 1131 Gaditanis
530 1071 642 1146 foedus
668 1075 717 1131 ael
735 1081 913 1133 renovatam
933 1077 982 1132 aei
1001 1075 1140 1132 acroma*
1172 1078 1274 1135 Sensit
1297 1079 1358 1136 Gi-

254 1189 323 1232 cero
351 1190 385 1232 se
414 1191 520 1232 revera
547 1176 648 1232 dicere
675 1192 736 1234 nou
762 1176 912 1250 potuisse:
940 1176 1068 1252 „foedus
1089 1182 1265 1235 renovatum
1287 1178 1357 1236 est“

254 1257 347 1349 quare
369 1277 468 1335 addita
490 1278 560 1353 „vel
581 1278 673 1336 ictum
696 1277 773 1354 est“,
794 1294 854 1336 non
876 1279 1033 1336 eratenim
1054 1283 1142 1336 antee
1151 1278 1268 1351 justum
1284 1282 1356 1337 foe-

254 1378 369 1455 dus¹],
397 1380 468 1452 quie
495 1381 599 1452 populi
627 1381 782 1456 suffragiis
811 1383 842 1436 et
870 1383 994 1438 senatus
1022 1381 1201 1439 auctoritate
1223 1383 1357 1460 carebat,

253 1493 290 1538 ac
315 1497 355 1538 ne
381 1484 445 1539 tum
472 1482 591 1555 quidem
617 1498 722 1539 verum
743 1482 851 1540 foedus
871 1484 987 1538 factum
1008 1485 1070 1556 est,
1092 1482 1255 1546 accedebat
1276 1485 1358 1544 enim

252 1586 378 1640 senatus
400 1583 519 1655 quidem
540 1584 720 1659 auctoritas,
748 1585 802 1640 sed
823 1583 925 1657 populi
947 1583 1104 1658 suffragiis
1125 1586 1274 1641 sancitum
1295 1603 1355 1646 uon

252 1687 300 1740 est
308 1683 350 1758 2).
397 1685 505 1757 Neque
534 1688 649 1760 tamen,
670 1688 705 1742 ut
725 1684 799 1742 dicit
821 1685 942 1761 Cicero,
963 1685 1032 1742 ideo
1054 1689 1119 1742 erat
1141 1702 1235 1744 causa
1257 1689 1355 1746 (iadi-

251 1789 389 1843 tauorum
410 1785 548 1861 deterior,
570 1786 760 1862 gravissimis
782 1787 861 1844 enirn
883 1791 914 1844 et
933 1787 1070 1860 plurimis
1087 1789 1178 1845 rebus
1190 1791 1348 1864 castrutio,

252 1888 506 1946 commendatione
533 1890 712 1964 vetustatis,
741 1889 920 1947 auctoritate
948 1892 1089 1963 senatus,
1110 1890 1268 1948 beneflciis
1289 1893 1351 1949 tia-

251 1989 436 2065 ditanorum,
458 2005 532 2065 erga
551 1992 765 2063 rempublicam
786 1993 871 2049 Rom.
914 1991 1077 2068 singulare
1098 1991 1195 2066 igitur
1215 1992 1356 2050 hocerat

151 2086 158 2099 ‘
251 2092 360 2148 foedus
387 2106 483 2164 eoque
510 2091 662 2150 diversum
691 2109 710 2149 a
734 2093 827 2167 justis
854 2091 1045 2168 foederibus,
1072 2093 1152 2165 quod
1179 2110 1240 2152 nou
1262 2094 1358 2168 jussu

252 2193 357 2266 poprdi
382 2195 468 2252 Rom.
496 2209 595 2266 neque
620 2195 792 2253 solemniter
818 2193 912 2252 ictum
935 2197 1025 2270 esset,
1048 2197 1180 2252 ceterum
1202 2211 1273 2254 vero
1294 2197 1359 2254 iis-

252 2295 320 2352 deur
348 2296 404 2352 sub
434 2296 660 2355 condicionibus
686 2297 1006 2373 iactum,seeunduu1
1028 2297 1202 2355 ciceronem
1224 2297 1359 2358 enimin

250 2395 375 2455 foedere
401 2397 453 2456 illo
480 2414 655 2470 expressum
682 2403 764 2474 erat,
798 2402 832 2455 ut
859 2399 911 2471 pia
938 2404 969 2455 et
990 2403 1112 2456 aeterna
1138 2415 1200 2472 pax
1221 2403 1303 2456 esset
1325 2404 1357 2459 et

251 2477 440 2570 adjunctum:
467 2500 679 2575 „majestatem
699 2498 802 2572 populi
824 2501 909 2557 Rom.
931 2501 1056 2558 comiter
1076 2501 1303 2559 conservanto“
1314 2501 1358 2577 8).

249 2599 377 2658 Minime
412 2605 512 2658 autem
545 2602 708 2677 eredimus,
743 2604 855 2658 eertum
896 2600 1042 2673 ejusmodi
1075 2601 1229 2660 foederum
1258 2619 1358 2678 genus

249 2702 348 2760 fauisse
376 2703 456 2776 apud
482 2705 650 2782 Romanas,
676 2715 824 2776 nusquam
849 2702 930 2762 enim
958 2703 1050 2780 aliud
1072 2702 1220 2776 ejusmodi
1249 2719 1353 2762 exeru-

252 2805 336 2879 pium
357 2805 538 2864 invenimus.

484 2988 515 3049 2.
556 2991 766 3051 Foederum
793 2991 952 3052 diversa
979 3007 1132 3071 genera.

336 3123 397 3194 Qui
425 3126 463 3183 de
489 3127 643 3186 foederum
671 3130 751 3201 apud
778 3131 929 3188 Romanos
957 3129 1122 3205 generibus
1144 3111 1281 3204 egerunt,
1303 3126 1361 3185 se·
1463 3129 1464 3138 ’

252 3223 316 3285 cuti
342 3230 414 3285 sunt
440 3230 507 3286 tere
535 3245 636 3287 omnes
663 3230 763 3288 locum
789 3229 924 3306 Livii4)‚
946 3231 999 3287 ubi
1019 3228 1114 3287 verba
1136 3229 1284 3304 Menippi,
1305 3244 1361 3285 re·-

251 3329 302 3403 gis
330 3329 476 3387 Antiochi
491 3331 613 3408 degan,
641 3333 717 3389 haec
745 3337 829 3391 sunt:
850 3337 955 3409 „iisse
976 3331 1035 3388 tria
1055 3346 1171 3407 genera
1192 3331 1359 3406 foederum,

251 3430 362 3503 quibus
402 3432 481 3490 inter
521 3449 555 3489 se
587 3434 813 3506 paciscerentur
848 3434 997 3492 amicitias
1028 3435 1168 3491 civitates
1195 3441 1361 3508 regesque,

251 3547 350 3591 unam
381 3549 449 3590 cum
476 3534 555 3592 bede
581 3535 672 3592 victis
700 3536 871 3594 dicerentur
899 3537 1000 3612 leges:
1031 3536 1084 3595 ubi
1106 3534 1184 3592 euim
1206 3536 1305 3591 emnia
1327 3535 1358 3592 ei

251 3615 312 3706 qui'
330 3635 421 3692 armis
442 3636 511 3708 plus
538 3641 642 3709 posset
663 3638 764 3695 dedita
790 3640 908 3714 essent,
929 3654 1007 3711 quae
1029 3653 1068 3696 ex
1096 3637 1136 3694 iis
1164 3637 1277 3694 habere
1304 3636 1359 3693 vi-

250 3740 332 3811 ctos,
354 3737 463 3808 quibus
490 3738 610 3796 multari
632 3755 685 3796 eos
705 3739 796 3814 velit,
817 3741 914 3813 ipsius
924 3740 976 3813 joas
990 3745 1080 3812 atque
1094 3739 1249 3797 arbitrium
1270 3753 1357 3812 esse;

249 3839 380 3896 alterum
407 3856 474 3898 eum
501 3856 589 3914 pares
615 3841 694 3898 bello
724 3856 819 3914 aeque
841 3844 964 3901 foedere
985 3843 1017 3899 in
1038 3857 1143 3914 pacem
1165 3843 1256 3913 atque
1277 3839 1359 3894 arui·-

251 3939 354 3999 citiam
372 3942 510 4001 venirent
520 3960 579 4018 -ς
600 3944 722 4004 tanam
741 3959 1010 4024 essegenus,cu1u
1024 3941 1075 4017 qui
1088 3957 1239 4016 nunquam
1253 3943 1359 4000 hostes

322 4140 352 4208 1)
370 4157 394 4196 e.
412 4143 461 4195 1⁷:
479 4145 620 4210 „vetarem
635 4145 709 4198 ssiam
725 4147 843 4213 spamam
858 4147 980 4213 foedaris
996 4143 1126 4198 Marciani
1132 4139 1160 4194 “.

317 4243 575 4311 mamma

319 4346 350 4412 ³)
367 4347 406 4399 ct.
424 4348 497 4400 intra
513 4362 539 4413 p.
558 4347 619 4400 186.
637 4361 677 4414 aq.

323 4447 356 4514 4)
372 4449 500 4517 xxxvl,
516 4451 560 4501 w.
