2960 5142
1139 303 1203 378 49.
1257 326 1258 330 ’

97 489 160 552 re“
186 487 265 564 qnod
291 485 342 561 qul
366 481 535 562 neglexerit
560 481 661 542 statim
687 480 724 540 ah
749 479 835 540 initio
856 495 876 540 a
895 479 947 538 via
967 479 1196 545 aberrassevi-
1277 517 1279 520 ·

96 595 195 650 detur.
238 592 330 659 Quam
350 591 433 644 arcte
454 585 533 642 eninr
554 585 733 644 cohaereant
752 585 822 642 iliae
843 585 997 662 formulae,
1017 586 1198 659 perspicitur

13 693 15 728 ²
100 711 143 754 ex
170 697 228 751 usu
243 672 329 750 'Livii
356 689 408 762 qui
441 703 508 745 enm
533 687 708 760 saepissime
735 685 816 746 dicat
841 687 976 762 captivos
1003 689 1060 745 sub
1088 704 1198 747 corona

101 794 231 869 venisse,
251 791 400 850 interdum
410 787 442 846 in
454 789 556 845 eadem
566 803 600 844 re
610 803 684 846 usus
694 791 741 844 est
756 788 851 844 altera
867 789 994 846 formula
1013 771 1090 866 „sub
1111 792 1200 850 haste

101 892 269 969 perirest).
311 895 407 950 Hasta
427 893 492 948 erat
510 890 582 947 belli
603 885 732 964 signum,
754 891 1200 961 cumqueitomaoiearnaxima

100 1016 158 1060 sua
171 997 337 1068 crederent,
348 1009 424 1065 quae
438 1009 477 1050 ex
487 992 623 1049 hostibus
635 990 795 1064 cepissent,
807 990 895 1048 simui
905 991 993 1050 hasta
1006 998 1071 1050 erat
1080 993 1200 1070 signum

97 1099 176 1176 justi
187 1094 358 1170 donini12).
400 1096 498 1164 Quare
508 1094 595 1151 hasta
605 1092 639 1158 iu
649 1091 822 1149 venditione
837 1105 936 1150 rerum
954 1094 1032 1152 bello
1049 1103 1202 1169 captarum

102 1202 225 1277 signnm
237 1198 441 1271 adhibebatur,
460 1210 537 1268 quae
550 1193 631 1249 solae
647 1195 713 1250 fere
722 1193 938 1267 antiquissimis
948 1185 1130 1270 temporibus
1141 1217 1202 1273 pu·-

102 1304 183 1366 blice
198 1301 349 1359 venibant.
390 1300 500 1358 Postea
517 1295 596 1352 idem
610 1294 781 1369 signumad
798 1295 874 1354 alias
890 1313 941 1356 res
958 1301 1133 1359 translatum
1147 1305 1204 1377 est,

102 1405 194 1466 itaut
205 1417 398 1476 quaecunque
415 1396 747 1472 publicavenderentur
767 1399 844 1474 „sub
864 1393 953 1458 hasta
972 1399 1096 1461 venire“
1118 1403 1205 1460 diee-

104 1510 225 1583 rentur,
245 1521 301 1562 nec
321 1503 428 1560 mirum
447 1499 569 1558 Livium
589 1514 627 1555 ee
646 1496 775 1556 formula
794 1499 839 1557 uti
860 1499 893 1558 ln
913 1500 1084 1562 venditione
1105 1505 1205 1578 capti-

107 1624 212 1667 vorum
238 1607 306 1665 sive
332 1617 500 1677 servornm,
528 1598 580 1673 qui
607 1600 677 1680 iere¹
699 1614 753 1672 pro
768 1615 813 1674 *re
838 1599 872 1659 in
899 1605 1073 1662 commercio
1095 1611 1206 1664 essent.

67 1703 69 1706 ’
109 1710 238 1783 Saepius
264 1712 363 1766 tamen
390 1701 503 1775 captivi
529 1717 590 1758 non
616 1699 672 1758 sub
697 1700 786 1758 haste
811 1701 867 1766 sed
893 1706 948 1764 sub
975 1721 1084 1764 corona
1104 1708 1209 1766 venire

108 1811 249 1870 dicuntur
270 1807 357 1878 cujus
378 1799 563 1858 diversitatis
584 1817 706 1858 cansam
725 1817 785 1858 non
806 1802 958 1862 declarant
977 1807 1096 1878 quidem
1117 1823 1209 1881 aper-

108 1917 143 1970 ta
170 1893 348 1980 scriptorum
373 1900 543 1958 testimonia
568 1901 623 1960 sed
644 1902 764 1975 aliquod
791 1908 873 1963 certe
900 1906 1045 1965 auxilium
1072 1925 1110 1965 ex
1129 1925 1209 1966 ana-
1251 1955 1252 1960 ,

110 2010 197 2087 logia
211 2007 274 2082 peti
285 2007 392 2086 potest.
433 2002 529 2062 Varia
550 2007 635 2062 erant
654 2003 727 2062 belli
748 2005 839 2080 signa
858 1993 953 2083 eaqne
973 2008 1013 2067 ad
1032 2010 1133 2068 varios
1153 2025 1211 2068 ac-

112 2110 267 2171 comodata
286 2110 357 2166 sunt
368 2121 452 2180 usus,
473 2105 627 2164 hastarum
648 2106 727 2165 enim
746 2112 865 2179 praeter
885 2125 953 2167 eum
973 2126 1061 2183 quem
1081 2111 1211 2171 diximus

111 2211 276 2284 multiplex.
294 2213 359 2266 erat
383 2223 457 2265 usus
465 2200 497 2281 ³)
504 2248 513 2282 ,
544 2208 706 2281 praecipue
734 2213 833 2266 eutem
857 2211 1020 2284 praemium
1041 2218 1105 2270 erat
1124 2215 1213 2270 hasta

111 2315 236 2376 fortium
255 2308 432 2384 militant).
473 2307 588 2366 liudem
608 2308 693 2366 modo
714 2309 802 2388 porci
819 2313 938 2388 efigies
960 2318 1024 2372 eret
1043 2313 1122 2372 inter
1142 2315 1213 2390 sig-

113 2435 155 2477 na
169 2413 325 2489 militaria,
346 2410 417 2484 qnia
432 2409 555 2468 foedera
569 2424 658 2481 porco
676 2415 891 2498 caesotirmari
901 2413 1088 2491 solemnii).
1131 2419 1214 2486 Quae

114 2519 211 2596 igitur
232 2515 396 2601 antiquitus
417 2512 495 2570 inter
516 2511 606 2586 signa
625 2511 735 2568 bellica
756 2518 787 2570 et
806 2514 947 2573 militaria
965 2522 1087 2591 recepta
1102 2522 1214 2594 essent,

114 2637 154 2680 ea
173 2621 279 2695 postea
299 2616 341 2674 ad
357 2614 458 2672 varios
478 2629 553 2673 usus
580 2613 730 2686 applicata
751 2630 820 2672 esse
839 2616 991 2694 videmus,
1017 2619 1069 2692 qui
1089 2634 1215 2691 quomo-

117 2723 157 2780 do
183 2721 262 2779 inter
289 2735 323 2778 se
349 2717 529 2774 cohaereant
553 2731 613 2773 non
639 2731 798 2789 possumus
819 2715 899 2793 nunc
925 2735 1039 2778 eruere.
1082 2723 1216 2780 Coronae

118 2822 256 2886 similiter
275 2824 365 2890 atque
386 2819 492 2873 hastae
513 2821 599 2876 erant
618 2817 696 2902 inter
716 2819 794 2876 dona
813 2819 963 2897 militaria,
984 2821 1105 2880 fortium
1125 2838 1218 2896 prae-

119 2925 182 2986 mia
208 2926 240 2980 et
265 2919 401 2993 symbola
426 2915 655 2974 victoriaenec
680 2917 783 2978 dubito
809 2921 882 2993 quin
902 2923 1117 2996 antiquissimis
1138 2928 1217 2982 tern-

120 3025 244 3100 poribus
265 3022 344 3079 alius
365 3001 482 3092 quoque
503 3033 677 3076 coronarum
697 3021 729 3078 in
749 3022 827 3081 bello
844 3023 937 3082 inerit
956 3041 1046 3101 usus,
1071 3040 1131 3085 non
1152 3030 1218 3082 tra-
1259 3048 1266 3064 ·

123 3127 205 3186 ditus
225 3123 311 3181 nobis
332 3120 575 3196 ascriptoribus,
596 3120 676 3186 unde
697 3123 809 3180 iactum
830 3125 871 3183 sit
890 3131 925 3183 ut
949 3127 1220 3200 symbolum-fleret

121 3228 156 3288 iu
175 3223 347 3284 venditione
367 3223 559 3294 captivorum.
582 3221 734 3294 ·Cumque
754 3225 957 3285 similitudinis
983 3227 1128 3300 quoddam
1148 3229 1220 3286 vin..
1312 3285 1314 3290 ,

125 3331 225 3392 culum
250 3323 448 3386 intercederet
472 3324 552 3382 inter
577 3324 681 3381 hastas
706 3327 738 3382 et
764 3339 904 3402 coronas,
930 3328 961 3385 si
983 3344 1070 3386 usum
1097 3331 1220 3399 specta*

124 3450 192 3495 mus
219 3427 317 3503 qualis
345 3439 454 3482 earum.
469 3419 564 3483 'luent
590 3424 623 3483 in
643 3425 736 3502 bello,
763 3443 822 3484 non
847 3429 1078 3505 refragabimur,
1105 3429 1221 3500 siquis
1316 3453 1318 3461 ·

124 3533 196 3594 inde
224 3528 302 3605 quod
326 3527 415 3584 hasta
439 3524 473 3583 in
499 3525 637 3586 auctione
663 3543 763 3586 rerum
789 3530 940 3588 venalium
959 3544 1066 3589 revera
1086 3530 1222 3602 apposita

124 3634 234 3712 fuerit,
259 3644 398 3694 coronam
425 3641 542 3701 quoque
562 3628 595 3686 in
614 3629 796 3690 venditionis
816 3632 967 3692 hominum
985 3631 1136 3690 venalium
1156 3633 1222 3690 looo

196 3835 229 3895 1)
244 3835 307 3884 niv.
325 3827 453 3898 mni,
469 3828 515 3883 av.
533 3831 578 3882 ae.

200 3923 232 3981 2)
249 3913 309 3984 tiaj.
334 3914 493 3979 rv.s.1e.
528 3915 563 3966 ci.
588 3911 736 3968 Schneider
758 3917 791 3968 tle
814 3918 1017 3970 centumviralis
1035 3913 1131 3983 judicii
1155 3919 1224 3980 apud

130 4009 268 4062 Romanos
293 4005 401 4066 origine
417 4017 443 4064 p.
462 4001 509 4052 ⁷8.
527 4001 673 4065 eulaliam
696 4000 776 4054 etiert
796 4013 906 4054 causam
921 4015 972 4052 erar
987 4004 1066 4054 hasta
1081 4003 1164 4054 luerit
1180 4004 1223 4052 le·

131 4092 221 4159 gitimi
237 4089 349 4138 dominii
365 4089 479 4150 signum.
499 4133 501 4136 .

201 4178 233 4234 8)
250 4173 347 4222 Festus
364 4184 387 4220 s.
405 4184 434 4220 v.
452 4171 530 4220 hasta
546 4179 571 4232 p.
590 4168 635 4222 te.

200 4259 233 4318 4)
250 4257 347 4307 Festus
363 4256 382 4305 l.
400 4255 419 4305 1.
454 4253 602 4304 Schneider
617 4254 636 4304 i.
653 4253 673 4304 1.
691 4267 716 4318 p.
734 4251 780 4304 71.
798 4257 855 4308 not.
873 4253 937 4308 isa.

203 4347 234 4404 t)
251 4343 351 4393 Festus
369 4352 391 4387 a.
410 4351 438 4388 v.
455 4341 533 4400 porei
550 4339 656 4404 efligies
673 4355 700 4403 p.
719 4339 784 4392 127.
820 4340 958 4403 Drakenb.
976 4337 1011 4392 ari
1026 4337 1088 4390 iaia.
1107 4338 1128 4404 i,
1144 4339 1191 4392 24.

1003 4425 1023 4481 i
