2960 5142
273 333 302 401 4

274 508 371 569 areeri
399 505 476 566 euim
504 509 583 581 apud
607 503 749 568 turberes
775 509 949 584 etyrsuuis
978 519 1091 572 omnem
1118 512 1313 576 eruditionem
1323 518 1364 594 ¹).

274 606 350 668 vie
368 610 463 684 igitur
481 609 617 683 publiea,
638 610 760 668 libertas
785 611 970 686 singulorum
991 617 1022 670 et
1041 614 1136 671 libere
1156 616 1201 673 rei
1227 619 1366 690 publicae

273 711 409 772 eondieio
438 711 569 766 eraeeos
596 712 723 768 maxime
750 711 939 770 discernebat
964 729 984 770 e
1003 715 1146 774 barbaris.
1189 717 1287 785 Quare
1316 723 1368 795 qui

275 819 361 872 extre
381 813 495 885 patriae
516 813 591 868 dues
612 815 710 887 esset,
727 811 796 886 jure
816 814 931 886 patriae
952 831 1019 872 eum
1047 820 1135 889 etque
1156 819 1273 877 omniuo
1297 821 1368 893 iure

274 917 423 989 privatum
450 912 611 969 censebant
632 913 756 988 Graeci,
776 921 845 972 nem
861 913 932 986 jure
953 920 983 972 et
1003 916 1088 991 leges
1110 918 1138 973 ei
1159 921 1271 976 tentum
1292 931 1367 992 prd-

246 1057 247 1062 .
274 1017 391 1091 derant,
413 1013 463 1071 eui
485 1019 651 1086 comparate
672 1019 766 1089 erent,
787 1015 921 1090 oivem2)
935 1017 1061 1088 ideoque
1082 1019 1202 1074 exilium
1223 1025 1367 1091 perpetu»-

275 1133 326 1176 um
346 1131 366 1172 e
386 1115 493 1188 eapitis
514 1130 610 1188 poena
630 1129 690 1174 nou
710 1117 832 1174 multum
853 1116 971 1176 differre
991 1117 1249 1193 existimebeuti).
1275 1122 1369 1179 Cum·

278 1233 335 1293 que
354 1215 464 1276 Greeei
486 1217 529 1272 ite
545 1213 614 1289 jure
636 1220 773 1290 expertes
795 1218 965 1290 judicarent
985 1223 1103 1276 exteros
1125 1223 1156 1276 et
1176 1220 1215 1276 ud
1234 1221 1370 1278 servitu-

276 1325 337 1378 tem
363 1323 466 1392 natos,
495 1335 581 1375 suum
609 1333 677 1375 esse
705 1318 865 1376 eredebant
891 1320 923 1376 iu
951 1322 1124 1378 servitutem
1152 1335 1205 1378 eos
1231 1323 1370 1397 redigere

277 1435 401 1494 eumque
422 1419 459 1476 ob
481 1433 601 1476 causum
621 1416 747 1494 Pleto⁴J
768 1421 898 1479 Graecos
920 1423 951 1477 et
975 1421 1116 1480 barbaros
1136 1424 1243 1482 natura
1268 1424 1370 1482 hostes

248 1552 249 1559 1
278 1537 348 1582 esse
368 1513 450 1580 dicit

361 1623 425 1682 lem
453 1637 488 1679 eu
516 1623 692 1680 revertimur
717 1612 798 1680 uude
828 1625 927 1683 exorsi
948 1639 1057 1706 sumus
1085 1625 1124 1682 ed
1152 1626 1370 1702 quaestionem,

258 1723 457 1784 'eur'iimeei
478 1709 644 1798 promiscue
665 1726 729 1782 fere
750 1723 799 1782 usi
820 1726 882 1784 siut
901 1725 1070 1801 nominibus
1091 1720 1169 1798 ξένος
1182 1729 1212 1782 et
1224 1717 1371 1805 βάρβαρος

279 1831 310 1886 et
330 1842 385 1884 eur
404 1829 514 1884 Perses
540 1827 737 1902 gravissimos
764 1826 867 1884 hostes
893 1843 966 1903 pree
993 1828 1102 1886 ceteris
1129 1827 1178 1886 his
1204 1826 1372 1884 nominibus

279 1929 501 2001 appellaverint.
549 1926 682 1983 Tertium
699 1919 795 1984 'euim
827 1927 902 1985 illud
937 1930 1016 2002 quod
1050 1929 1179 1986 diximus
1213 1927 1374 1984 diserimeu

279 2029 422 2090 habuisse
443 2029 574 2085 Graecos
600 2027 680 2083 iuter
700 2041 734 2082 se
755 2031 786 2083 et
811 2025 969 2104 barbaros,
992 2045 1144 2086 commuue
1171 2033 1219 2085 est
1244 2028 1293 2084 his
1314 2042 1375 2085 uo-

279 2129 417 2190 minibus.
459 2129 591 2200 cumque
617 2127 650 2184 iu
682 2131 807 2199 utroque
834 2130 979 2186 vocabulo
998 2131 1072 2189 iusit
1097 2127 1237 2204 negatio,
1258 2127 1286 2185 si
1315 2145 1375 2186 ue·-

279 2231 359 2290 mlne
385 2227 574 2288 barbarorum
606 2229 815 2288 discernuntur
842 2246 861 2285 a
887 2231 1011 2288 Graecis
1032 2231 1144 2307 exteri,
1165 2230 1234 2303 plus
1255 2228 1374 2302 quidem

279 2335 408 2407 negetur
429 2335 459 2388 et
479 2331 641 2404 derogetur
660 2331 700 2386 iis
722 2345 808 2402 quem
825 2332 859 2387 dt
878 2346 932 2402 per
952 2349 1059 2391 nomeu
1080 2325 1163 2406 ξένοι,
1176 2330 1230 2388 sed
1246 2330 1374 2389 involvit

281 2431 355 2490 iilud
375 2432 466 2504 hujus
487 2431 753 2505 significationem,
775 2436 845 2489 suut
867 2432 945 2489 enim
972 2428 1048 2504 ξένοι
1073 2432 1240 2508 peregrini,
1262 2442 1372 2506 exper-

280 2539 325 2591 tes
343 2533 422 2606 juris
450 2532 582 2590 civitatis
608 2531 736 2605 alicujus
764 2545 909 2608 graecae,
936 2533 1018 2606 iique
1046 2533 1136 2591 simrd
1160 2537 1231 2590 suut
1257 2532 1373 2592 hubert

280 2642 310 2692 et
334 2629 475 2709 domest)

300 2749 302 2754 ·
365 2738 446 2805 Quae
467 2751 535 2793 eum
555 2731 599 2793 ite
619 2733 694 2810 siut,
715 2729 766 2793 via
788 2733 851 2807 jam
870 2733 984 2793 munita
1004 2734 1091 2793 uobis
1111 2736 1230 2792 videtur
1249 2733 1287 2790 ad
1307 2747 1373 2791 eem

281 2839 483 2911 quaestionem
497 2841 634 2909 quaeest
648 2837 685 2893 de
702 2836 771 2908 jure
793 2837 926 2911 gentium
939 2838 1129 2912 Graecorum,
1147 2837 1184 2894 de
1196 2850 1253 2909 que
1264 2835 1375 2891 uostris

281 2933 461 3012 temporibus
480 2941 607 3014 egerunt
618 2929 859 3012 weremuthe]
881 2943 911 2995 et
922 2935 1086 3012 iledteri).
1105 2937 1161 2995 Ille
1175 2939 1310 3009 affirmat,
1323 2934 1375 2991 hie
1476 2947 1477 2950 ’

281 3038 659 3116 uegettireeeoshabuisse
668 3039 721 3111 jus
731 3041 874 3114 gentium.
886 3032 1068 3108 Quaeremus
1078 3038 1255 3113 igitur‚uum
1267 3035 1375 3094 colue-
1445 3074 1450 3089 .
1476 3021 1477 3028 ¹

280 3140 455 3200 riuttireeei
462 3140 514 3213 jus
519 3142 738 3216 gontramnus
745 3142 837 3198 tuerit
844 3141 896 3212 jus
903 3140 980 3212 quod
990 3140 1204 3196 iuterGreeees
1216 3143 1246 3195 et
1257 3141 1377 3196 exteros

281 3244 325 3299 ite
345 3243 460 3300 valeret
480 3245 529 3317 ut,
542 3241 593 3314 qui
604 3242 642 3300 eb
655 3257 690 3300 eo
704 3243 867 3319 resederet,
887 3241 998 3315 injuste
1019 3253 1112 3317 egere
1133 3241 1277 3300 adversus
1294 3240 1376 3296 elte-

349 3421 380 3489 1)
413 3425 532 3476 Aristet
549 3421 631 3476 rout.
654 3425 689 3490 V,
704 3424 749 3475 11.

349 3525 380 3590 2)
414 3527 452 3576 ei.
469 3525 599 3591 Walter,
617 3519 779 3577 Geseiiehte
802 3525 852 3576 des
868 3526 902 3578 R.
919 3525 954 3578 lt.
982 3525 1004 3576 1.
1022 3540 1049 3590 p.
1066 3524 1111 3580 45.

350 3623 380 3691 θ)
414 3627 448 3676 Κ.
465 3627 513 3678 Fr.
531 3626 685 3694 Hermann,
703 3622 805 3694 griech-
823 3623 1107 3680 steetsaltertidmer.
1131 3638 1159 3688 p·
1175 3621 1221 3674 28.

349 3724 381 3794 4)
416 3727 451 3779 de
467 3729 573 3794 republ.
596 3727 631 3780 V.
656 3745 684 3793 p.
701 3729 764 3782 470.

349 3826 384 3891 di
404 3828 565 3894 comparum
581 3833 663 3883 etiam
679 3833 769 3895 petest
784 3841 852 3882 usus
872 3833 951 3884 veeis
967 3824 1104 3898 ἀλλότριος
1120 3839 1202 3890 quem
1219 3826 1375 3890 Hesychius
1474 3861 1475 3876 .

284 3913 446 3977 simpliciter
469 3916 588 3978 explicet
614 3927 664 3980 per
689 3915 812 3976 πολέμιος
834 3920 863 3968 et
889 3917 972 3977 ξένος,
994 3910 1075 3977 hujus
1108 3915 1179 3963 euim
1203 3911 1279 3960 vocis
1303 3909 1376 3974 apud

285 3997 434 4054 Homerum
451 4008 520 4048 urus
536 3998 580 4046 hie
598 4002 648 4062 est,
665 4003 695 4049 ut
711 3995 847 4071 ἀλλότριος
860 3997 911 4060 φώς
927 3998 993 4048 nihil
1008 3996 1069 4048 fere
1085 3998 1181 4046 valeat
1197 3995 1251 4044 uisi
1267 3995 1374 4044 hostes.

287 4079 320 4132 il.
337 4081 373 4146 V,
394 4080 458 4131 214.
474 4081 519 4132 od.
536 4083 611 4147 xvi,
628 4082 688 4134 102.

353 4177 381 4245 θ)
416 4183 468 4236 Jus
491 4184 610 4247 gentium
634 4183 715 4248 quale
737 4184 886 4236 obtinuerit
909 4180 980 4245 apud
1003 4178 1129 4232 Graecus
1152 4182 1218 4232 unte
1239 4175 1376 4230 bellorum

286 4279 348 4318 eum
365 4267 457 4316 Persis
479 4270 622 4330 gestorum
637 4271 755 4336 initium,
771 4269 861 4318 lidiae
883 4265 945 4316 822.
962 4268 989 4317 8.

352 4367 382 4432 t)
416 4369 457 4418 De
475 4365 665 4434 antiquujure
681 4373 802 4437 gentium
820 4369 950 4434 prolium.
986 4367 1098 4420 Beuuee
1115 4367 1191 4420 istd.
1210 4363 1238 4414 4.

779 4471 789 4500 ο
