2960 5142
1151 333 1201 404 lo

101 508 195 569 libero
224 512 255 566 et
281 507 319 567 de
343 509 412 583 jnre
438 495 511 568 belli
532 507 563 566 ei
582 507 684 585 pacis,
711 505 882 584 potissimos
902 511 1003 584 partes
1021 509 1100 586 juris
1113 527 1201 592 :gon-

101 613 178 670 tinm
192 611 314 687 ‚redegit
334 610 367 668 in
388 610 543 669 doctrinae
571 614 694 670 formam
715 615 804 683 atque
825 612 869 668 lto
888 612 1046 686 plurimum
1068 615 1142 676 iecit
1162 614 1201 672 ad

102 713 324 788 propagandam
344 699 412 784 &jud
433 712 642 788 coguitionem.
685 713 721 771 iu
748 713 940 774 celeberrimo
968 715 1048 774 enim
1076 715 1114 774 de
1131 715 1201 788 iure

103 815 174 872 belli
196 819 225 870 et
244 815 329 887 pacis
351 828 441 886 opere
461 814 494 871 id
519 815 646 872 maxime
673 814 739 890 agit
765 818 800 874 ut
818 816 944 888 primum
965 817 1103 876 ostendat
1124 817 1203 890 quod

102 919 217 991 natura,
239 915 347 972 deinde
369 912 447 987 quod
466 931 542 974 usus
559 915 611 992 jus
632 917 711 974 inter
730 922 839 992 gentes
860 916 1057 994 constituerit,
1078 908 1109 976 ei
1122 919 1200 992 duo-

80 1018 186 1077 'modo
207 1033 275 1076 oum
296 1015 349 1073 illo
371 1017 537 1076 consentiat
553 1017 606 1090 jns
626 1033 685 1074 usu
705 1019 834 1092 positum
855 1021 886 1078 at
907 1034 972 1098 qua
985 1019 1016 1078 ln
1038 1020 1202 1080 redisore»

98 1122 161 1192 pet.
204 1119 265 1178 Sed
286 1117 362 1176 baec
382 1119 482 1178 omnia
502 1118 720 1193 praeparabant
746 1123 874 1200 tantan,
902 1117 941 1176 dd
967 1123 1075 1194 quibus
1097 1129 1202 1197 postea

99 1221 242 1278 conuenit
262 1219 341 1276 inter
359 1221 484 1295 populos
507 1224 539 1277 et
559 1219 638 1280 viam
658 1220 820 1281 munibani.
868 1222 949 1301 Pace
969 1228 1069 1284 autera
1091 1227 1201 1286 Wesi-

97 1323 235 1398 phalica,
261 1320 310 1379 oui
336 1322 494 1380 faciendae
519 1337 621 1380 omnes
651 1325 716 1380 fere
736 1325 876 1399 lluropae
895 1329 1003 1400 gentes
1023 1327 1202 1406 intererant,

96 1424 242 1482 convenit
266 1421 344 1480 inter
364 1439 446 1500 eae,.
463 1440 565 1482 ornnes
586 1427 725 1498 Europae
754 1427 894 1485 civitates
921 1427 1103 1488 consueras
1130 1429 1201 1489 ddei

97 1525 233 1582 addictam
260 1525 412 1598 subjectas
441 1535 510 1584 esse
538 1526 685 1586 communi
707 1528 836 1588 omnium
853 1527 933 1602 juri,
963 1528 1042 1602 qnod
1066 1529 1118 1602 qui
1138 1531 1199 1594 mi,-

98 1630 201 1702 g’raret
227 1627 377 1685 hostiliter
407 1643 500 1706 agere
527 1628 680 1686 videretur
708 1628 739 1686 in
765 1629 911 1703 reliquos,
945 1632 1035 1700 atque
1061 1631 1201 1708 singulae
1231 1703 1233 1713 Α

2 1753 3 1756 “
98 1729 310 1786 conventiones
331 1729 405 1788 illua
425 1733 597 1804 spectantes
620 1733 651 1786 et
671 1731 796 1804 regulae
816 1731 917 1788 iactae
937 1733 999 1789 turn
1020 1735 1092 1790 sunt
1111 1739 1199 1812 post·-

96 1843 193 1902 eaque
220 1829 253 1886 in
279 1845 368 1887 usum
395 1834 545 1902 receptae
592 1829 658 1887 Neo
678 1828 776 1886 minus
797 1829 830 1886 ln
850 1829 909 1889 hae
928 1843 962 1888 re
982 1833 1201 1894 memorabilem

95 1941 167 1989 esse
188 1931 308 1986 constat
327 1943 432 2002 paoem
453 1929 695 2003 Ultrajecianam.
744 1929 854 1989 Postea
874 1931 1015 2005 temporis
1035 1947 1200 2010 progressu

95 2021 237 2105 singulae
262 2033 364 2102 partes
381 2011 470 2102 'juris
497 2031 633 2106 gentium
668 2033 800 2091 firmatae
836 2036 867 2092 et
893 2032 1067 2093 emendatae
1099 2037 1198 2113 magis

90 2135 183 2207 suni,
209 2131 249 2188 ad
276 2146 363 2204 quam
383 2146 445 2189 rem
465 2133 589 2192 multam
617 2133 805 2191 contulerunt
830 2133 998 2209 legationes
1019 2141 1197 2213 perpetuatae

95 2233 161 2309 sod,
182 2237 217 2291 ut
238 2239 469 2291 consentaneum
489 2237 554 2309 est,
581 2233 653 2305 quia
679 2232 780 2307 populi
807 2249 867 2293 nou
893 2231 1005 2294 habent
1029 2253 1199 2304 communes

91 2333 229 2410 judices,
250 2333 283 2390 in
303 2336 568 2405 unoquoquelere
588 2333 668 2393 bello
688 2334 740 2392 lic
760 2333 810 2392 vel
830 2334 882 2394 ilie
902 2336 1030 2411 popmns
1050 2338 1198 2416 migrabat

92 2434 146 2505 ins
167 2435 318 2509 gentium,
345 2431 423 2505 quod
450 2436 563 2492 firmum
590 2451 659 2494 esse
680 2434 851 2512 videbatur,
878 2451 936 2496 neo
960 2453 1028 2498 raro
1055 2439 1144 2502 hodie
1165 2443 1198 2500 id

96 2533 163 2591 lieri
190 2534 367 2592 invenimus.
420 2535 506 2604 Quod
534 2536 721 2616 philosophi,
748 2538 800 2610 qm
826 2542 861 2597 ut
886 2540 965 2614 parii
989 2536 1225 2616 puuosmiioe'

63 2712 66 2717 ⁸
94 2633 186 2692 simul
213 2651 279 2693 cum
296 2635 375 2708 juris
402 2641 529 2696 naturae
555 2638 655 2696 studio
679 2637 759 2712 juris
784 2639 920 2715 gentium
945 2632 1097 2704 doetrinae
1117 2657 1195 2719 ope·

2 2760 4 2766 ι
93 2751 158 2792 rem
184 2737 349 2812 navabant,
378 2739 492 2796 rectum
522 2742 555 2796 et
576 2738 693 2813 justum
721 2755 789 2799 esse
816 2742 991 2820 uoluerunt,
1016 2760 1109 2820 saepe
1131 2748 1195 2822 jam

91 2837 184 2894 unlus
212 2838 405 2909 Imperatoris
429 2837 553 2897 libidine
586 2844 619 2898 et
643 2845 719 2900 nutu
745 2843 936 2916 pessumdata
961 2851 1033 2904 sunt
1058 2848 1194 2924 emicone

89 2937 249 3010 Napoleon
277 2938 491 2997 demonstravit
517 2940 601 2999 allud
627 2955 696 3000 esse
721 2944 844 3020 regulas
872 2945 983 3006 habere
1005 2947 1084 3022 juris
1110 2966 1193 3027 gen·

90 3037 182 3115 tium3
211 3037 293 3096 aliud
321 3041 410 3112 sequi
434 3041 539 3119 eas¹].
587 3043 629 3103 lit
654 3059 829 3118 quamquam
853 3047 982 3108 inanime
1001 3051 1193 3128 irascamur

90 3139 124 3200 in
150 3143 210 3199 dne
237 3137 333 3198 seculi
360 3143 514 3216 praeteriti
540 3145 683 3219 scripturn
708 3145 760 3220 jus
779 3149 917 3224 gendum
935 3151 1063 3212 condere
1082 3155 1192 3214 stude·-

89 3244 172 3319 bant,
194 3241 291 3315 quoad
311 3244 376 3299 lieri
396 3249 500 3317 posset
520 3247 661 3305 omnibus
674 3242 805 3308 uomens
825 3249 1003 3330 absolutum,
1023 3255 1100 3328 quod
1114 3273 1191 3321 eou-

88 3341 215 3401 veniret‘
229 3355 296 3400 curn
317 3347 623 3422 praeceptis-*qualia
638 3327 816 3412 statuissent
841 3351 1026 3432 philosophi,
1053 3359 1191 3434 qnodque

89 3443 304 3503 beatitudinem
324 3446 498 3517 populorum
519 3446 644 3527 egregie
665 3452 865 3528 augeretiia
882 3459 917 3512 ut
937 3460 1025 3514 notus
1046 3457 1189 3522 ibeGrd-

89 3545 176 3620 gcire
197 3539 378 3602 lineamenta
396 3550 433 3603 ab
448 3544 640 3610 fundamenta
660 3552 804 3626 eiusmodi
821 3553 900 3628 juris
920 3558 1056 3632 gentium
1069 3562 1188 3634 palleo

30 3633 33 3638 ’
88 3646 322 3723 proponeretss),
354 3645 440 3706 nemo
471 3649 601 3710 celemus
636 3662 722 3726 quain
751 3641 942 3733 ancn‘galu
976 3659 1187 3737 intellexerunt

88 3748 162 3804 talia
182 3747 297 3806 frustra
317 3750 378 3824 agl.
404 3750 455 3811 ubi
483 3750 577 3826 igliur
603 3762 811 3830 comparamus
825 3757 988 3820 doctrinam
1004 3761 1083 3835 juris
1103 3780 1185 3849 gen·
1296 3812 1300 3822 -

158 3932 187 3994 1>
204 3891 614 4009 incimmemmaum
629 3941 728 4010 aaa)
745 3905 772 4010 i.
789 3945 833 3998 sa.

156 4031 186 4098 2)
204 4034 337 4086 Discours
360 4033 397 4088 de‘
420 4033 556 4104 iire'goire
580 4037 680 4106 repnte
703 4039 771 4098 ala
794 4045 964 4100 conventiam
985 4049 1126 4105 nationale
1148 4081 1181 4096 -

2 4145 3 4150 κ
87 4126 139 4169 aur·
161 4127 217 4170 une
232 4120 406 4174 declaration
423 4123 460 4172 du
483 4125 555 4178 droit
569 4127 618 4178 des
629 4141 697 4193 gens
708 4125 727 4180 si
738 4130 810 4182 loire
821 4140 871 4195 per
882 4133 911 4184 la
918 4132 1003 4184 conv.
1011 4141 1070 4189 nat.
1078 4137 1183 4208 (1795),

88 4205 134 4264 qul
156 4204 262 4267 legitur
283 4206 311 4253 in
335 4206 421 4257 libro:
446 4207 561 4275 lleopell
579 4213 627 4263 des
645 4209 758 4264 Tralles
782 4213 816 4266 da
838 4219 900 4279 pair
922 4220 1037 4272 conclus
1055 4228 1134 4276 entre
1150 4227 1179 4278 ia

86 4287 257 4352 Republique
282 4289 421 4355 francones
443 4300 473 4345 et
489 4296 532 4346 les
552 4293 711 4348 differentes
735 4297 902 4353 Poissanoes
925 4303 960 4354 da
977 4304 1105 4372 i’llurope
1125 4315 1178 4364 eie.

82 4371 224 4427 Premiero
241 4373 345 4442 Pereia,
362 4373 553 4448 bflambourg
569 4388 598 4434 ei
615 4381 695 4440 Paris
712 4383 787 4436 1796.
807 4387 833 4438 Θ.
