2960 5142
114 1203 286 1350 Antiqua
296 1289 469 1352 componere
489 1271 577 1333 novis
597 1269 787 1334 utilissimum
805 1273 852 1332 est
871 1269 1045 1332 uecmelius
1066 1270 1207 1350 antiquo·

113 1395 179 1438 rum
200 1379 372 1452 populorum
392 1379 546 1454 ingenium
567 1393 603 1434 ac
622 1392 719 1435 mores
737 1389 895 1449 possumus
916 1390 1099 1451 cognoscere
1119 1389 1207 1449 quam

115 1480 308 1552 comparando
343 1493 409 1537 cum
429 1476 654 1538 recentioribus.
686 1477 779 1535 Modo
812 1492 851 1534 ne
878 1475 1057 1549 abripiamur
1083 1477 1116 1536 in
1149 1478 1208 1536 hoc

115 1581 213 1640 studio
227 1575 323 1654 neque
339 1581 502 1653 temporum
522 1577 709 1652 antiquorum
725 1575 920 1635 admiratione
937 1591 1035 1648 neque
1054 1577 1208 1636 recentio-

114 1698 179 1739 rum
210 1679 364 1756 laudibus,
391 1681 423 1739 id
452 1679 530 1754 quoti
561 1679 662 1739 moitis
690 1680 801 1738 accidit
827 1693 943 1753 eorum,
969 1677 1077 1750 quiin
1108 1694 1208 1756 popu·

113 1779 209 1840 lorum
247 1783 434 1853 antiquorum
472 1782 586 1855 vitam,
617 1781 704 1854 leges
740 1777 935 1850 institutaque
981 1778 1209 1850 inquisiverunt.

113 1886 180 1942 Aut
201 1883 280 1938 enim
301 1885 398 1936 status
418 1894 516 1937 rerum
545 1877 728 1952 publicarum
748 1878 934 1950 antiquarum
955 1883 985 1936 et
1005 1853 1115 1938 civium
1132 1895 1209 1938 con·

114 1981 261 2038 dicionem
283 1980 371 2037 nimis
392 1979 565 2053 praedicare
592 1980 689 2037 solent
710 1983 762 2036 aut
782 1977 835 2038 ubi
856 1991 905 2037 res
926 1983 973 2036 est
993 1995 1061 2038 cum
1080 1979 1210 2039 rationi-

112 2083 170 2142 ous
191 2082 270 2139 iuter
291 2084 409 2138 veteres
425 2082 551 2155 populos
572 2081 758 2156 conspicuis,
779 2079 918 2138 incusant
939 2096 991 2139 eos
1012 2085 1047 2140 ut
1066 2082 1209 2142 barbaros

113 2189 144 2241 et
171 2199 243 2241 vero
271 2179 464 2240 humanitatis
491 2197 583 2240 seusu
609 2181 698 2255 piane
726 2187 879 2260 carentes,
899 2183 1080 2241 recentiores
1107 2188 1211 2242 contra

108 2289 251 2360 Europae
277 2288 386 2361 gentes
412 2265 452 2340 ai
479 2283 594 2340 coelum
620 2285 763 2360 efferunt,
790 2281 900 2361 quippe
927 2298 1004 2356 quae
1020 2283 1072 2356 jus
1092 2285 1210 2344 demum

111 2392 246 2446 mutuum
266 2373 563 2442 sibi'constituerint.
605 2383 691 2454 Quod
711 2398 770 2456 quo
791 2383 861 2455 jura
880 2384 996 2444 iaciant
1016 2383 1049 2442 hi
1069 2400 1210 2444 censores

112 2488 188 2545 utile
209 2486 327 2544 videtur
347 2485 497 2558 inquirere
513 2499 571 2542 nec
592 2485 699 2543 melius
720 2485 753 2542 iu
767 2485 832 2544 fieri
851 2500 943 2560 posse
963 2489 1102 2560 putamus
1121 2501 1210 2560 quam

113 2587 308 2660 comparando
338 2601 377 2643 ex
404 2585 523 2664 ordine,
550 2586 676 2660 primum
704 2586 755 2659 qui
782 2587 877 2644 fuerit
903 2587 1019 2644 animus
1045 2587 1210 2662 insignium

112 2688 298 2760 antiquorum
324 2688 499 2762 populorum
525 2687 558 2772 iu
584 2687 715 2758 reliquos
741 2687 866 2762 populos
891 2670 924 2747 et
951 2687 1053 2762 quales
1078 2689 1210 2749 rationes

111 2789 190 2846 inter
210 2789 335 2862 populos
357 2789 541 2866 exstiterint,
563 2793 597 2845 ut
614 2788 746 2846 breviter
757 2788 907 2868 dicamus,
929 2788 1016 2862 quale
1028 2785 1212 2864 meritaque

114 2905 167 2946 eos
191 2889 244 2961 jrrs
271 2889 423 2964 gentium,
451 2887 558 2946 deindo
587 2889 674 2962 quale
697 2890 749 2962 jus
769 2889 904 2965 gentium
930 2888 1010 2964 apud
1029 2890 1211 2952 recentiores

112 2989 238 3066 populos
259 2989 300 3045 sit
321 2989 522 3048 constitutum.
564 2991 613 3046 Ac
635 2991 760 3062 primum
780 2991 934 3050 videamus
954 2991 992 3048 do
1014 2990 1149 3056 Graecis.

198 3087 282 3158 Quod
303 3091 416 3161 passim
436 3091 567 3165 legimus
588 3092 667 3164 apud
686 3093 901 3168 Herodotuml)
911 3096 1019 3150 Persas
1032 3093 1212 3153 Graecorum

113 3190 226 3248 hostes·
238 3190 433 3263 gravissimos
453 3205 525 3262 prae
547 3193 656 3250 ceteris
677 3189 782 3266 ξείνους
803 3210 823 3251 a
838 3193 1083 3252 Lacedaemoniis
1103 3195 1211 3268 appel·-

114 3291 192 3348 iatos
213 3304 301 3363 esse,
323 3303 396 3360 quos
417 3286 581 3372 βαρβάρους
592 3295 782 3356 nominabant
799 3295 892 3380 ceteri
906 3296 1013 3352 Graeci
1022 3293 1065 3368 ²),
1076 3294 1211 3354 indicare

115 3391 173 3449 hoc
194 3390 314 3448 videtur
334 3405 394 3446 nou
413 3391 456 3449 ito
479 3392 629 3452 diversum
657 3395 756 3452 inisse
781 3396 885 3453 horum
905 3395 1115 3453 vocabulorum
1134 3413 1212 3455 sen-

116 3508 182 3551 sum
203 3496 254 3548 aut
277 3495 357 3548 certe
379 3507 531 3550 commune
552 3496 623 3567 quiri
644 3497 754 3554 habere
775 3497 851 3554 haec
870 3497 999 3554 nomina.
1026 3497 1110 3565 Quod
1123 3497 1211 3571 quale

117 3593 157 3652 sit
177 3593 385 3664 inquirendum
406 3592 499 3666 igitur
520 3601 575 3652 est.
597 3599 777 3669 Quamquam
789 3600 898 3654 Persas
917 3613 989 3668 prae
1010 3599 1119 3656 ceteris
1136 3601 1210 3657 bar-

105 3695 204 3770 ¹ltaros
225 3696 414 3767 appellabant
434 3694 558 3771 Graeci,
579 3699 654 3754 satis
674 3702 773 3756 tamen
795 3701 925 3771 constat,
946 3698 1087 3756 barbaros
1108 3712 1211 3758 omnes

117 3795 214 3852 fuisso
243 3796 293 3866 qui
326 3810 385 3852 nou
415 3800 517 3852 esseut
542 3797 691 3855 Hellenos.
735 3798 794 3858 Soti
821 3801 967 3856 Homerus
998 3800 1055 3857 hoc
1091 3802 1210 3860 nomine

185 3977 214 4041 1)
247 3975 301 4046 lii,
319 3978 361 4030 11.
379 3981 422 4030 5³.
440 3981 483 4032 55.
513 3980 548 4030 ot.
573 3979 644 4030 Plut.
668 3981 782 4033 Aristid.
803 3981 847 4034 10.
866 3983 945 4034 Serv.
976 3979 1013 4033 od
1037 3982 1113 4050 Virg.
1139 3985 1208 4036 Aen.

117 4059 166 4127 IV,
183 4060 245 4112 424.

184 4181 214 4238 2)
233 4181 336 4234 Herod.
349 4178 448 4248 ix,11.
461 4185 502 4234 55.
519 4182 662 4250 17111142.
680 4185 898 4248 Stephani'l'hes.
909 4187 1025 4256 galiug.
1040 4145 1063 4236 s
1078 4198 1114 4246 v.;
1132 4182 1211 4234 Roth

117 4260 186 4316 inber
203 4265 256 4316 don
274 4268 339 4316 siun
362 4268 418 4318 und
435 4267 582 4320 Gebrauch
606 4269 655 4320 deo
672 4269 790 4320 Worteo
808 4267 937 4320 Bortur.
970 4267 1115 4340 Niirobcrg
1132 4269 1211 4322 1814.

119 4348 321 4414 imon&

989 4455 1009 4512 1
