2958 5162
255 337 309 410 62

254 516 416 578 Frontinus
425 514 468 594 ¹),
482 515 639 574 dannatus
659 520 708 575 est
727 531 747 573 a
764 515 886 592 populo,
899 512 978 588 quod
998 513 1138 588 praedam
1158 533 1220 576 non
1240 531 1362 591 aequa-

255 619 327 679 liter
351 619 498 678 dlviserat
523 618 678 676 militibus.
719 619 841 694 Neque,
868 615 986 675 etiamsi
1020 622 1123 690 aperte
1149 634 1210 678 non
1244 619 1362 678 diemm

255 725 354 799 esset,
395 721 539 781 habuisse
570 721 767 794 Imperatores
805 719 936 794 praedae
967 719 1147 778 dividendae
1185 722 1361 798 arbitrium,

254 823 460 884 dubitaremus
481 823 519 880 de
545 837 583 881 aa
603 837 652 898 re,
678 821 818 881 simodo
845 820 1059 879 attenderimus
1086 824 1138 895 qui
1164 826 1257 882 tuerit
1282 841 1363 883 usus

253 925 400 1001 praedae,
422 924 460 982 de
481 939 539 997 quo
560 924 691 1002 insignis
711 926 798 982 loeus
820 927 867 980 est
886 923 1065 1002 Polybii²),
1086 926 1137 999 qui
1158 931 1260 984 namet
1280 943 1364 1000 quo·

255 1027 343 1088 modo
364 1026 492 1087 Romani
521 1027 633 1102 praeda
660 1043 678 1084 e
700 1025 884 1102 carthagine
904 1009 994 1086 Nova
1020 1031 1110 1101 eapte
1128 1028 1179 1087 usi
1207 1028 1270 1088 sint
1291 1045 1361 1088 mo-

256 1145 379 1203 remque
390 1130 590 1189 Romanorum
601 1129 633 1188 ln
653 1129 765 1203 praeda
786 1128 952 1187 ordinanda
973 1132 1004 1186 et
1024 1129 1229 1189 distribuenda
1249 1146 1364 1206 recep-

255 1236 319 1292 tum
344 1231 496 1290 describit.
538 1231 619 1292 Dieit
646 1231 725 1289 enim
748 1231 861 1291 milites
883 1231 1034 1290 Romanos
1060 1248 1120 1289 non
1147 1233 1232 1306 prius
1259 1247 1296 1291 se
1324 1233 1363 1290 ad

253 1309 357 1394 urbem
378 1333 574 1406 diripiendam
595 1335 732 1392 conterre
751 1348 839 1406 quam
855 1333 960 1406 jussos
978 1335 1017 1392 ab
1025 1335 1259 1407 Imperatoribus
1271 1337 1362 1394 tinem

254 1437 358 1494 faeere
379 1435 491 1493 eaedis.
533 1434 649 1495 Deinde
668 1435 779 1493 milites
801 1448 917 1492 omnem
937 1436 1078 1508 praedam
1097 1435 1130 1492 iu
1150 1451 1244 1492 unum
1263 1436 1364 1494 locum

256 1552 422 1614 congerere
444 1539 564 1594 coaetos
586 1553 670 1612 esse,
691 1537 783 1611 atque
808 1531 994 1596 tribunorum
1015 1538 1114 1594 fuisse
1134 1538 1241 1611 aequis
1262 1540 1363 1613 parti-

254 1637 312 1700 bus
335 1655 400 1697 eam
418 1639 500 1726 inter
521 1653 622 1697 omues
644 1638 780 1696 dividere
789 1637 831 1715 ⁸).
864 1642 953 1697 iiune
973 1653 1085 1698 morem
1106 1641 1301 1699 constitutum
1322 1642 1361 1700 de

253 1741 367 1816 praeda
387 1739 592 1798 distribuenda
611 1740 803 1814 praeeipuam
825 1731 948 1798 eausam
974 1740 1074 1799 fuisse
1101 1742 1184 1799 addit
1205 1742 1356 1819 Polybius,

254 1859 311 1903 eur
341 1843 453 1902 milites
479 1840 607 1902 aonam
639 1842 760 1900 ordines
787 1858 848 1901 non
880 1842 1069 1909 deseruerint
1101 1858 1199 1917 nequa
1231 1844 1354 1919 praedae

255 1917 365 2004 intenti
387 1943 504 2002 hostem
524 1945 623 2018 ipsum
644 1941 885 2020 neglexerint⁴].
926 1945 1093 2003 Prudenter
1114 1947 1204 2004 etiam
1224 1947 1359 2020 Impera·
1398 1935 1400 1942 ’

254 2051 336 2112 tores
347 2046 475 2106 Romani
496 2049 566 2104 ante
587 2045 825 2122 oppugnationes
846 2026 1009 2104 urbium⁴et
1027 2050 1098 2105 ante
1114 2063 1248 2124 pugnam
1269 2065 1362 2123 prae-

257 2149 327 2207 dam
347 2149 480 2208 futuram
504 2147 650 2208 militibus
676 2147 812 2221 polliceri
834 2145 1019 2223 solebant5).
1062 2150 1247 2224 saepissime
1267 2151 1364 2226 igitur

256 2250 371 2325 praeda
396 2251 447 2309 vel
473 2266 546 2325 pars
572 2244 639 2324 ejus
665 2253 719 2310 aut
744 2249 874 2324 peeunia
899 2249 971 2307 inde
997 2250 1121 2308 redacta
1148 2269 1295 2312 concessa
1316 2255 1364 2312 es't

257 2352 403 2414 militibus
411 2351 455 2429 θ).
491 2341 581 2423 ‘Quae
602 2368 670 2411 eum
695 2351 740 2411 ita
764 2352 839 2427 sint,
867 2351 998 2431 eonoidit
1017 2353 1158 2426 Dionysii
1184 2355 1362 2414 declamatio
1475 2373 1476 2412 t

260 2459 349 2530 quem
374 2455 489 2512 frustra
514 2433 677 2513 deiende're
705 2457 830 2511 oonabrr
850 2453 1047 2532 beheimi),
1075 2469 1143 2514 oum
1164 2455 1238 2515 dicit
1256 2459 1361 2534 Impe-

254 2555 371 2616 ratores
398 2555 535 2631 potuisse
567 2553 687 2632 quidem
713 2556 825 2616 milites
850 2556 928 2615 bene
953 2556 1075 2615 meritos
1103 2557 1216 2640 donare
1240 2561 1295 2622 sed
1323 2577 1360 2619 ea

255 2658 336 2739 lege,
357 2663 391 2719 ut
412 2658 511 2736 omnia
531 2657 565 2718 in
584 2659 703 2720 tabulas
723 2658 861 2734 publicas
881 2660 1030 2717 referrent
1045 2675 1255 2738 munerumque
1273 2663 1355 2720 mili-

323 2861 357 2923 s>
388 2862 505 2928 sesag.
528 2859 579 2929 iv,
595 2858 628 2928 1,
644 2859 692 2913 ss.
779 2835 806 2874 ³

323 2965 356 3024 2)
389 2963 432 3030 X,
449 2963 494 3016 1⁰·
745 3021 747 3028 .

324 3065 357 3126 ³)
390 3062 462 3115 Nolo
480 3063 589 3128 quidem
612 3068 710 3116 eontra
733 3058 860 3116 e'odieum
878 3065 997 3116 omnium
1020 3067 1217 3119 auctoritatem
1237 3067 1361 3131 probare

257 3147 417 3202 casauboni
428 3137 796 3228 oonje'etluamirrpabiwm
807 3162 858 3214 pro
869 3152 1058 3220 πραχθέντων)
1066 3152 1115 3202 sed
1129 3153 1203 3217 quod
1214 3153 1360 3217 sebweig-
1476 3153 1477 3176 ³

258 3231 514 3286 assumimini
532 3231 663 3300 afirmat,
681 3245 760 3297 quem
776 3237 891 3285 secutus
915 3241 961 3285 est
977 3235 1080 3298 Msyer
1100 3235 1120 3288 Ι.
1137 3249 1163 3289 e.
1180 3251 1206 3300 p.
1224 3239 1269 3305 w,
1286 3250 1361 3288 nou-

258 3320 314 3372 nisi
330 3329 386 3369 uuo
403 3318 476 3369 Livii
497 3319 560 3370 loeo
576 3319 649 3370 tradi
670 3321 816 3383 peountam
840 3331 876 3372 ex
892 3317 998 3383 praeda
1014 3319 1128 3372 vendita
1143 3321 1289 3374 redaotam
1306 3334 1363 3375 neo

257 3406 347 3468 ipsam
363 3403 494 3468 praedam
511 3405 641 3455 mutuans
658 3404 777 3456 divisam
794 3417 874 3471 esse,
891 3406 944 3455 boe
960 3415 1058 3457 verum
1074 3417 1129 3459 non
1146 3411 1206 3472 est,
1223 3419 1288 3458 nam
1306 3408 1362 3459 due

257 3493 337 3540 certe
354 3489 427 3540 bivii
444 3489 604 3541 testimonia
620 3491 649 3540 in
665 3495 775 3554 promtu
790 3495 870 3555 sunt,
885 3501 960 3554 quae
976 3497 1109 3545 aeeurats
1131 3490 1252 3542 doceant
1269 3505 1361 3557 peen-

257 3575 415 3639 niam,'non
430 3575 517 3638 ipsam
533 3574 674 3640 praedam,
691 3575 821 3627 militibus
838 3585 1002 3630 conoessum
1019 3589 1084 3631 essa
1107 3575 1191 3644 v,16.
1208 3576 1359 3642 migr.

256 3656 428 3724 Plerumque
443 3661 549 3724 quidem
566 3659 698 3723 praedam
720 3661 825 3726 ipsam,
840 3662 1002 3727 priusquam
1018 3663 1133 3718 vendita
1148 3664 1244 3726 esset,
1260 3663 1361 3715 militi-

256 3743 309 3795 bus
328 3745 417 3796 ‹iatam
434 3745 640 3810 analogium.

326 3845 693 3911 mammam

324 3949 357 4008 a)
390 3945 443 4000 mv
469 3947 615 4015 vm‚1e.

324 4052 355 4109 a)
388 4049 423 4101 de
440 4049 525 4115 hulpa
540 4050 559 4101 i.
577 4062 603 4103 e.
620 4051 735 4100 saeculo
757 4053 784 4102 in
803 4066 857 4118 quo
876 4054 1004 4106 serebant
1018 4054 1120 4104 milites
1136 4054 1255 4106 Romani
1271 4013 1361 4118 peon-
1476 4027 1477 4034 ἵ

255 4134 331 4186 uiam
354 4147 390 4185 ex
412 4135 518 4198 praeda
536 4135 652 4186 vendita
675 4143 827 4205 aooeptam,
861 4142 897 4192 ei.
920 4139 984 4190 zeli
1000 4137 1247 4195 Periensobriiten.
1272 4139 1305 4190 P.
1323 4138 1360 4189 ΙΙ.

255 4231 283 4284 p.
300 4220 346 4270 ab.

324 4317 356 4380 7)
388 4320 470 4373 narb.
488 4321 582 4374 Herm.
601 4324 724 4375 bebelius
742 4328 828 4376 notae
852 4325 881 4374 in
897 4324 1041 4388 Polybium
1059 4339 1120 4393 cap.
1138 4328 1186 4382 lx.
1204 4327 1240 4381 de
1255 4329 1363 4393 praeda
1470 4317 1477 4392 ,’

256 4404 300 4454 tu:
326 4405 440 4458 Graevii
462 4406 545 4460 Plias.
563 4411 665 4473 antiqq.
684 4409 764 4460 Rom.
783 4409 860 4461 Pom.
879 4409 914 4459 X.
932 4425 958 4476 p.
976 4409 1047 4464 12³8
1063 4426 1106 4480 sq.
