2960 5142
1136 341 1191 414 27

94 525 304 604 beraudum1).
344 522 541 596 Eandemque
581 517 696 582 dierum
728 535 882 582 numerum
913 519 1043 597 injure
1075 521 1193 598 private

97 634 258 691 solemnem
280 628 379 687 ruisse
404 627 493 684 docet
516 623 892 702 Bethmann-ncllwegej.
932 627 1097 684 Possumus
1123 625 1194 684 lon·

98 735 170 811 gius
190 733 263 792 haec
282 729 424 807 persequi
445 730 535 802 atque
556 728 690 802 exemplu
711 728 831 785 utilite
850 727 1062 804 vindiciarum,
1083 725 1116 785 ln
1134 741 1196 799 qua

100 835 235 895 bellicam
261 835 324 892 vim
354 830 545 890 imitabantur
572 845 612 888 ex
633 829 703 904 iure
727 845 817 887 mauu
847 834 1015 888 consertum
1041 831 1196 904 vocantes,

6 939 7 1020 j
99 941 141 998 ita
160 942 195 998 ut
216 936 407 996 simulacrum
428 937 517 998 esset,
529 932 649 991 hostilis
669 931 868 990 cantentionis
889 931 965 991 haee
973 931 1145 990 solemnitas
1154 929 1197 1006 ³),

98 1040 153 1098 sed
174 1039 212 1098 ab
227 1017 358 1109 'incepto
383 1036 472 1096 nimis
497 1035 680 1096 abducimur.
722 1037 805 1106 Quae
825 1033 956 1092 redimus
985 1035 1024 1093 ad
1044 1034 1199 1110 summm,

97 1141 206 1216 quibus
227 1139 338 1198 bellum
357 1138 547 1196 indicendum
569 1141 646 1213 erat,
666 1141 702 1194 ut
717 1135 832 1212 justum
853 1133 997 1211 appellari
1016 1131 1128 1211 posset.
1159 1187 1162 1194 .

183 1244 337 1302 Aecurate
363 1256 473 1300 morem
499 1241 698 1298 Romanorum
723 1255 778 1313 per
803 1240 938 1298 Fetiales
962 1253 1013 1297 res
1046 1237 1200 1313 repetendi

98 1349 130 1403 et
149 1345 223 1404 belli
243 1343 393 1403 indicendi
413 1344 458 1400 iia
473 1341 625 1400 describit·
635 1337 744 1401 Li'vius
751 1339 794 1418 ⁴).
834 1342 971 1417 negatus
990 1340 1044 1400 ubl
1064 1339 1104 1397 ad
1124 1342 1200 1397 fines

100 1463 203 1505 eorum
229 1447 326 1524 veuit,
354 1445 435 1504 uude
463 1459 512 1502 res
539 1448 728 1521 repetuntur,
755 1444 854 1518 eapite
885 1443 986 1501 velato
1017 1442 1067 1502 illc
1094 1442 1201 1518 (lanae

98 1550 235 1607 velamen
259 1548 337 1623 estJ:
370 1548 464 1624 audi,
491 1548 634 1626 Jupiter,
661 1545 772 1622 iuquit,
804 1547 909 1605 audite
935 1537 1014 1618 'fines
1038 1545 1202 1620 (cujusque

100 1651 200 1726 gentis
220 1653 304 1725 sunt,
325 1649 475 1724 nominat)
496 1650 604 1707 audiet
624 1645 688 1721 fue.
729 1649 797 1724 Epo
822 1665 891 1708 surra
914 1649 1055 1724 pudiieue
1073 1647 1201 1704 nuntius

95 1753 206 1828 popuii
218 1751 352 1824 liemuui
364 1747 452 1820 juste
469 1750 581 1824 pieque
602 1751 718 1822 iepeiuc
738 1751 838 1828 venie,
859 1752 1015 1823 uerbisque
1034 1747 1109 1808 mea
1127 1745 1204 1821 fides

96 1857 147 1913 ait.
189 1851 314 1926 Peragit
342 1848 453 1906 deiude
479 1848 638 1921 pustulata
679 1850 754 1908 lude
773 1852 880 1910 iovem
905 1850 1012 1913 testem
1037 1851 1123 1909 iacit
1164 1851 1203 1909 Si

99 1967 154 2027 epe
175 1948 289 2024 iuJ'uste
314 1951 465 2024 impieque
491 1950 559 2007 dica
583 1949 720 2010 rumines
745 1954 943 2027 respueres
966 1953 1071 2012 dedier
1088 1953 1204 2030 pupule

99 2057 242 2112 Musaue
261 2051 397 2126 eurique
416 2065 570 2127 enpeaeo,
592 2055 628 2110 iu
644 2054 769 2127 patriae
789 2057 956 2130 compotem
975 2069 1025 2113 rue
1043 2069 1204 2132 uunquam
1237 2101 1241 2112 .

99 2157 171 2214 airis
187 2170 260 2214 eece.
281 2157 366 2213 llaec
370 2169 454 2229 ,cum
465 2154 541 2210 dues
552 2154 770 2230 supraseandit,
781 2156 858 2214 haee
872 2159 1041 2230 quicunque
1047 2153 1079 2215 ¹ui
1087 2158 1202 2231 primus

99 2259 148 2316 vir
161 2255 268 2316 obvius
284 2256 387 2329 ruerit,
404 2255 481 2313 haec
496 2256 610 2325 portam
625 2253 903 2333 ingrediensdaec
922 2261 1021 2318 ferum
1036 2259 1204 2335 ingressus,

98 2358 206 2433 paucis
218 2355 323 2415 verbis
337 2355 478 2412 carminis
493 2353 739 2429 concipiendique
751 2356 922 2430 jusjurandi
934 2359 1065 2436 muniis,
1075 2359 1205 2434 peragit.

99 2465 147 2522 lde
163 2460 258 2536 igitur
277 2457 362 2516 mede
384 2457 596 2517 instituebatur
615 2457 778 2516 secuudum
793 2459 913 2518 Livium
934 2474 1034 2521 rerum
1054 2461 1204 2538 repetitio,

102 2561 1204 2638 quancunparionemqnoqueappellabantunnaniiiJ.Rnnssrnesutem

99 2664 133 2722 in
154 2663 283 2721 formula
302 2677 378 2738 „res
398 2664 535 2736 repetere
542 2659 562 2708 ‘i
584 2677 652 2722 eum
679 2660 781 2720 inesse
808 2665 944 2723 videmus
966 2681 1088 2725 sensum
1107 2670 1142 2725 ut
1163 2666 1205 2724 sit

99 2781 150 2824 res
171 2768 273 2838 raptas
293 2767 443 2839 repetere,
465 2764 520 2822 sed
540 2762 573 2820 in
593 2764 767 2824 universum
787 2767 885 2837 posita
907 2772 954 2827 est
966 2783 1020 2842 pre
1033 2768 1205 2844 „postulare

99 2872 136 2925 ut
152 2866 205 2938 jus
226 2865 414 2939 persolvatur
435 2879 453 2920 a
473 2865 582 2938 populo
603 2864 727 2924 hostili“
749 2869 779 2924 et
801 2868 974 2942 plerumque
994 2873 1048 2946 „ut
1068 2868 1203 2928 homines

100 2972 205 3027 sontes
226 2964 402 3025 dedantur.“
445 2965 545 3025 causa
565 2981 620 3024 eur
639 2969 700 3024 tanr
725 2967 786 3026 lata
806 2973 907 3043 pateat
927 2972 981 3030 illa
1001 2971 1129 3046 locutio,
1150 2971 1203 3028 fa-

102 3073 162 3130 cile
182 3069 372 3146 intelligitur.
398 3067 629 3143 Antiquissimis
650 3069 729 3126 enim
749 3073 930 3144 temporibus
950 3071 1031 3132 bella
1050 3073 1204 3132 Romano-

102 3189 170 3231 rum
192 3185 260 3230 cum
286 3171 429 3228 finitumis
456 3169 575 3257 populis
597 3171 747 3230 simillima
767 3176 853 3231 eraut
872 3173 1054 3250 latrociniis,
1075 3173 1204 3248 popula-

102 3277 213 3334 bantur
234 3285 343 3349 agros,
363 3265 527 3349 abigebant
554 3289 678 3352 pecora,
699 3279 804 3335 mutua
824 3275 931 3334 damna
957 3276 1017 3337 sibi
1036 3275 1206 3336 inferebant

176 3488 206 3556 1)
240 3492 304 3543 Llr.
321 3489 353 3554 1,
371 3487 415 3539 82.
449 3489 571 3543 Niebuhr
592 3494 627 3544 R.
645 3491 678 3544 e.
696 3493 776 3546 dem.
793 3493 828 3546 ll.
845 3509 871 3562 p.
888 3495 952 3549 87⁰.

175 3589 206 3659 2)
231 3589 531 3659 (ierichtsveriassuug
546 3594 601 3644 und
618 3595 738 3647 Proteus
756 3595 806 3648 des
822 3595 977 3650 smkeuden
992 3596 1072 3654 litu.
1089 3595 1205 3650 Rotuba.

106 3681 198 3744 Benn,
215 3677 295 3729 18³4.
318 3689 349 3740 p.
364 3675 428 3727 8³0.

176 3777 206 3844 3)
242 3779 312 3830 Gall.
330 3778 363 3828 ii.
380 3779 415 3828 A.
438 3775 570 3842 XX,10.
605 3779 730 3843 flavigny
752 3775 823 3830 iiber
839 3779 884 3832 die
906 3781 942 3832 lla
958 3783 1140 3836 vindiciarum
1162 3785 1205 3838 ln:

110 3863 275 3917 zeitschrift
300 3857 348 3912 nir
377 3863 539 3926 geschicntl.
562 3862 743 3916 necnuwrss.
779 3865 811 3918 Τ.
829 3862 879 3916 111.
902 3879 930 3934 1¹·
947 3865 1010 3922 dil.
1032 3882 1092 3938 sqq.
1127 3874 1207 3925 liaier

110 3950 145 4002 ad
164 3948 222 4002 Gla.
239 3959 281 4000 cr.
298 3957 340 4012 pr.
359 3947 451 4000 duilio
467 3962 493 4014 p.
510 3947 573 4000 adt.
590 3951 648 4000 unt.

179 4047 210 4115 4)
244 4049 273 4115 1,
289 4049 334 4100 aa.

178 4147 210 4215 d)
245 4149 324 4202 Serv.
354 4149 390 4201 ad
416 4150 494 4216 virg.
523 4153 591 4203 Aen.
614 4151 670 4217 lx,
694 4153 741 4208 dii.
776 4153 812 4204 ei.
835 4152 915 4204 Plinii
939 4155 972 4206 N.
999 4155 1033 4210 li.
1069 4159 1163 4224 xxii,
1180 4159 1207 4211 8.

112 4235 234 4289 Ocnradi
255 4236 275 4285 1.
292 4235 311 4286 l.
327 4235 375 4302 Ν,
393 4236 420 4285 d.
454 4235 549 4288 liitter
571 4237 606 4289 de
623 4237 790 4306 Fetiallbus,
806 4253 832 4304 p.
850 4238 895 4291 1³.
913 4253 955 4305 sq.
990 4243 1073 4294 Beier
1096 4243 1131 4294 ad
1149 4242 1208 4295 cio.

112 4325 148 4374 de
171 4321 214 4373 old
232 4319 405 4388 1,11,ee.,
429 4322 476 4384 qui
501 4323 617 4376 multum
642 4331 761 4390 egerunt
784 4325 818 4378 de
842 4325 904 4393 ipsa
924 4337 995 4381 rece
1018 4328 1208 4392 clarigatlunis

111 4402 227 4472 ejmqua
242 4405 357 4472 origiue.
915 4430 918 4439 ·
