<?xml version="1.0" encoding="UTF-8"?>
<!DOCTYPE html PUBLIC "-//W3C//DTD XHTML 1.0 Transitional//EN"
    "http://www.w3.org/TR/xhtml1/DTD/xhtml1-transitional.dtd">
<html xmlns="http://www.w3.org/1999/xhtml" xml:lang="en" lang="en">
 <head>
  <title>
</title>
<meta http-equiv="Content-Type" content="text/html;charset=utf-8" />
  <meta name='ocr-system' content='tesseract 3.04.00' />
  <meta name='ocr-capabilities' content='ocr_page ocr_carea ocr_par ocr_line ocrx_word'/>
</head>
<body>
  <div class='ocr_page' id='page_1' title='image "./dejurebellietpa00osengoog/dejurebellietpa00osengoog_0027.png"; bbox 0 0 2960 5142; ppageno 0'>
   <div class='ocr_carea' id='block_1_1' title="bbox 267 274 319 342">
    <p class='ocr_par' dir='ltr' id='par_1_1' title="bbox 267 274 319 342">
     <span class='ocr_line' id='line_1_1' title="bbox 267 274 319 342; baseline -0.038 0"><span class='ocrx_word' id='word_1_1' title='bbox 267 274 319 342; x_wconf 51' lang='grc' dir='ltr'>ιθ</span> 
     </span>
    </p>
   </div>
   <div class='ocr_carea' id='block_1_2' title="bbox 267 443 1386 1540">
    <p class='ocr_par' dir='ltr' id='par_1_2' title="bbox 267 443 1386 1540">
     <span class='ocr_line' id='line_1_2' title="bbox 267 443 1370 522; baseline -0.004 -10"><span class='ocrx_word' id='word_1_2' title='bbox 267 469 338 512; x_wconf 88' lang='lat' dir='ltr'>esso</span> <span class='ocrx_word' id='word_1_3' title='bbox 358 450 511 510; x_wconf 76' lang='lat' dir='ltr'>renonent</span> <span class='ocrx_word' id='word_1_4' title='bbox 532 451 564 508; x_wconf 87' lang='lat' dir='ltr'>et</span> <span class='ocrx_word' id='word_1_5' title='bbox 582 447 677 506; x_wconf 90' lang='lat' dir='ltr'>multa</span> <span class='ocrx_word' id='word_1_6' title='bbox 695 461 784 506; x_wconf 87' lang='lat' dir='ltr'>sacra</span> <span class='ocrx_word' id='word_1_7' title='bbox 804 443 991 522; x_wconf 71' lang='lat' dir='ltr'>feneranti).</span> <span class='ocrx_word' id='word_1_8' title='bbox 1032 448 1166 522; x_wconf 82' lang='lat' dir='ltr'>namque</span> <span class='ocrx_word' id='word_1_9' title='bbox 1187 449 1225 508; x_wconf 89' lang='lat' dir='ltr'>ob</span> <span class='ocrx_word' id='word_1_10' title='bbox 1246 465 1370 510; x_wconf 85' lang='lat' dir='ltr'>causam</span> 
     </span>
     <span class='ocr_line' id='line_1_3' title="bbox 267 548 1370 633; baseline -0.009 -21"><span class='ocrx_word' id='word_1_11' title='bbox 267 555 471 632; x_wconf 71' lang='lat' dir='ltr'><strong>gloriabantur</strong></span> <span class='ocrx_word' id='word_1_12' title='bbox 479 551 606 610; x_wconf 81' lang='lat' dir='ltr'>Romani</span> <span class='ocrx_word' id='word_1_13' title='bbox 626 552 731 608; x_wconf 79' lang='lat' dir='ltr'>favere</span> <span class='ocrx_word' id='word_1_14' title='bbox 751 549 857 623; x_wconf 86' lang='lat' dir='ltr'>pietati</span> <span class='ocrx_word' id='word_1_15' title='bbox 877 548 1007 621; x_wconf 83' lang='lat' dir='ltr'>fideique</span> <span class='ocrx_word' id='word_1_16' title='bbox 1025 551 1115 627; x_wconf 83' lang='lat' dir='ltr'>Deos,</span> <span class='ocrx_word' id='word_1_17' title='bbox 1136 567 1289 633; x_wconf 38' lang='lat' dir='ltr'>pernqnae</span> <span class='ocrx_word' id='word_1_18' title='bbox 1308 571 1370 628; x_wconf 81' lang='lat' dir='ltr'>po.</span> 
     </span>
     <span class='ocr_line' id='line_1_4' title="bbox 267 648 1386 733; baseline 0 -18"><span class='ocrx_word' id='word_1_19' title='bbox 267 658 357 732; x_wconf 88' lang='lat' dir='ltr'>pulus</span> <span class='ocrx_word' id='word_1_20' title='bbox 377 657 530 733; x_wconf 82' lang='lat' dir='ltr'>Romanus</span> <span class='ocrx_word' id='word_1_21' title='bbox 558 652 597 710; x_wconf 89' lang='lat' dir='ltr'>ad</span> <span class='ocrx_word' id='word_1_22' title='bbox 624 655 738 709; x_wconf 88' lang='lat' dir='ltr'>tantum</span> <span class='ocrx_word' id='word_1_23' title='bbox 758 651 916 726; x_wconf 74' lang='lat' dir='ltr'><strong>fastigium</strong></span> <span class='ocrx_word' id='word_1_24' title='bbox 936 651 1092 727; x_wconf 67' lang='lat' dir='ltr'>venerios)</span> <span class='ocrx_word' id='word_1_25' title='bbox 1114 657 1203 726; x_wconf 88' lang='lat' dir='ltr'>atque</span> <span class='ocrx_word' id='word_1_26' title='bbox 1223 655 1293 714; x_wconf 89' lang='lat' dir='ltr'>ideo</span> <span class='ocrx_word' id='word_1_27' title='bbox 1314 648 1386 716; x_wconf 90' lang='lat' dir='ltr'>di-&#39;</span> 
     </span>
     <span class='ocr_line' id='line_1_5' title="bbox 268 751 1369 836; baseline 0.002 -20"><span class='ocrx_word' id='word_1_28' title='bbox 268 759 311 818; x_wconf 85' lang='lat' dir='ltr'>cit</span> <span class='ocrx_word' id='word_1_29' title='bbox 337 756 482 829; x_wconf 80' lang='lat' dir='ltr'>Polybius</span> <span class='ocrx_word' id='word_1_30' title='bbox 491 753 539 830; x_wconf 79' lang='lat' dir='ltr'>³J:</span> <span class='ocrx_word' id='word_1_31' title='bbox 572 759 621 814; x_wconf 78' lang='lat' dir='ltr'>aut</span> <span class='ocrx_word' id='word_1_32' title='bbox 652 777 702 829; x_wconf 89' lang='grc' dir='ltr'>μοι</span> <span class='ocrx_word' id='word_1_33' title='bbox 728 755 809 812; x_wconf 81' lang='grc' dir='ltr'><em>δοκεῖ</em></span> <span class='ocrx_word' id='word_1_34' title='bbox 832 753 863 812; x_wconf 80' lang='grc' dir='ltr'>τὸ</span> <span class='ocrx_word' id='word_1_35' title='bbox 890 753 970 832; x_wconf 77' lang='grc' dir='ltr'><strong><em>παρὰ</em></strong></span> <span class='ocrx_word' id='word_1_36' title='bbox 997 763 1055 825; x_wconf 78' lang='grc' dir='ltr'><strong><em>τοῖς</em></strong></span> <span class='ocrx_word' id='word_1_37' title='bbox 1081 751 1176 823; x_wconf 74' lang='grc' dir='ltr'><strong><em>ἄλλοις</em></strong></span> <span class='ocrx_word' id='word_1_38' title='bbox 1204 755 1369 836; x_wconf 74' lang='grc' dir='ltr'><strong><em>ἀνθρώποις</em></strong></span> 
     </span>
     <span class='ocr_line' id='line_1_6' title="bbox 268 852 1368 937; baseline -0.007 -17"><span class='ocrx_word' id='word_1_39' title='bbox 268 861 469 937; x_wconf 74' lang='grc' dir='ltr'><strong><em>ὀνειδιζόμενοι</em></strong></span> <span class='ocrx_word' id='word_1_40' title='bbox 492 859 575 916; x_wconf 82' lang='grc' dir='ltr'><strong><em>τοῦτο</em></strong></span> <span class='ocrx_word' id='word_1_41' title='bbox 603 860 727 928; x_wconf 74' lang='grc' dir='ltr'><strong><em>συνέχειν</em></strong></span> <span class='ocrx_word' id='word_1_42' title='bbox 754 854 790 913; x_wconf 81' lang='grc' dir='ltr'>τὰ</span> <span class='ocrx_word' id='word_1_43' title='bbox 814 852 954 932; x_wconf 84' lang='grc' dir='ltr'><strong><em>Ῥωμαίων</em></strong></span> <span class='ocrx_word' id='word_1_44' title='bbox 981 855 1147 934; x_wconf 69' lang='grc' dir='ltr'><strong><em>πράγματα,</em></strong></span> <span class='ocrx_word' id='word_1_45' title='bbox 1175 861 1245 936; x_wconf 51' lang='lat' dir='ltr'>ispo)</span> <span class='ocrx_word' id='word_1_46' title='bbox 1267 861 1298 916; x_wconf 79' lang='grc' dir='ltr'>δὲ</span> <span class='ocrx_word' id='word_1_47' title='bbox 1318 859 1368 933; x_wconf 67' lang='grc' dir='ltr'>τὴν</span> 
     </span>
     <span class='ocr_line' id='line_1_7' title="bbox 268 953 1364 1040; baseline -0.007 -18"><span class='ocrx_word' id='word_1_48' title='bbox 268 961 486 1040; x_wconf 72' lang='grc' dir='ltr'><strong><em>δεισιδαιμονίαν</em></strong></span> <span class='ocrx_word' id='word_1_49' title='bbox 507 962 564 1015; x_wconf 84' lang='lat' dir='ltr'>ete.</span> <span class='ocrx_word' id='word_1_50' title='bbox 604 957 678 1014; x_wconf 86' lang='lat' dir='ltr'>Jure</span> <span class='ocrx_word' id='word_1_51' title='bbox 698 953 794 1030; x_wconf 82' lang='lat' dir='ltr'>igitur</span> <span class='ocrx_word' id='word_1_52' title='bbox 803 954 923 1030; x_wconf 83' lang='lat' dir='ltr'>Fetinli,</span> <span class='ocrx_word' id='word_1_53' title='bbox 943 957 978 1012; x_wconf 91' lang='lat' dir='ltr'>ut</span> <span class='ocrx_word' id='word_1_54' title='bbox 998 971 1034 1013; x_wconf 93' lang='lat' dir='ltr'>eo</span> <span class='ocrx_word' id='word_1_55' title='bbox 1055 959 1254 1033; x_wconf 86' lang='lat' dir='ltr'>revertamur,</span> <span class='ocrx_word' id='word_1_56' title='bbox 1273 974 1364 1032; x_wconf 88' lang='lat' dir='ltr'>prac-</span> 
     </span>
     <span class='ocr_line' id='line_1_8' title="bbox 269 1055 1366 1138; baseline -0.003 -17"><span class='ocrx_word' id='word_1_57' title='bbox 269 1064 399 1138; x_wconf 75' lang='lat' dir='ltr'>scriptae</span> <span class='ocrx_word' id='word_1_58' title='bbox 427 1065 511 1118; x_wconf 91' lang='lat' dir='ltr'>erant</span> <span class='ocrx_word' id='word_1_59' title='bbox 538 1057 699 1131; x_wconf 80' lang='lat' dir='ltr'>formulae,</span> <span class='ocrx_word' id='word_1_60' title='bbox 725 1057 819 1132; x_wconf 88' lang='lat' dir='ltr'>ritus,</span> <span class='ocrx_word' id='word_1_61' title='bbox 848 1055 1051 1114; x_wconf 82' lang='lat' dir='ltr'><strong>solemnitates</strong></span> <span class='ocrx_word' id='word_1_62' title='bbox 1078 1061 1110 1114; x_wconf 91' lang='lat' dir='ltr'>et</span> <span class='ocrx_word' id='word_1_63' title='bbox 1130 1059 1314 1118; x_wconf 74' lang='lat' dir='ltr'>ceremoniae</span> <span class='ocrx_word' id='word_1_64' title='bbox 1332 1060 1366 1118; x_wconf 88' lang='lat' dir='ltr'>in</span> 
     </span>
     <span class='ocr_line' id='line_1_9' title="bbox 267 1156 1368 1236; baseline -0.016 -13"><span class='ocrx_word' id='word_1_65' title='bbox 267 1165 346 1223; x_wconf 89' lang='lat' dir='ltr'>bello</span> <span class='ocrx_word' id='word_1_66' title='bbox 368 1161 557 1236; x_wconf 88' lang='lat' dir='ltr'>suscipiendo</span> <span class='ocrx_word' id='word_1_67' title='bbox 580 1164 611 1216; x_wconf 91' lang='lat' dir='ltr'>et</span> <span class='ocrx_word' id='word_1_68' title='bbox 631 1157 763 1234; x_wconf 91' lang='lat' dir='ltr'>gerendo</span> <span class='ocrx_word' id='word_1_69' title='bbox 791 1161 823 1215; x_wconf 91' lang='lat' dir='ltr'>et</span> <span class='ocrx_word' id='word_1_70' title='bbox 843 1156 988 1234; x_wconf 87' lang='lat' dir='ltr'>tiniendo,</span> <span class='ocrx_word' id='word_1_71' title='bbox 1015 1157 1047 1214; x_wconf 89' lang='lat' dir='ltr'>iu</span> <span class='ocrx_word' id='word_1_72' title='bbox 1067 1159 1237 1220; x_wconf 83' lang='lat' dir='ltr'>foederibus</span> <span class='ocrx_word' id='word_1_73' title='bbox 1259 1160 1368 1222; x_wconf 82' lang='lat' dir='ltr'>obser.</span> 
     </span>
     <span class='ocr_line' id='line_1_10' title="bbox 268 1259 1367 1337; baseline -0.005 -14"><span class='ocrx_word' id='word_1_74' title='bbox 268 1265 394 1323; x_wconf 89' lang='lat' dir='ltr'>vandae.</span> <span class='ocrx_word' id='word_1_75' title='bbox 437 1261 588 1337; x_wconf 80' lang='lat' dir='ltr'>Livius4)</span> <span class='ocrx_word' id='word_1_76' title='bbox 610 1265 726 1320; x_wconf 84' lang='lat' dir='ltr'>narrat:</span> <span class='ocrx_word' id='word_1_77' title='bbox 755 1260 883 1335; x_wconf 87' lang='lat' dir='ltr'>„Ancus</span> <span class='ocrx_word' id='word_1_78' title='bbox 904 1259 1041 1317; x_wconf 87' lang='lat' dir='ltr'>Marcius</span> <span class='ocrx_word' id='word_1_79' title='bbox 1061 1291 1105 1302; x_wconf 88' lang='lat'><em>-</em></span> <span class='ocrx_word' id='word_1_80' title='bbox 1125 1263 1160 1318; x_wconf 89' lang='lat' dir='ltr'>nt</span> <span class='ocrx_word' id='word_1_81' title='bbox 1181 1279 1201 1318; x_wconf 89' lang='lat' dir='ltr'>a</span> <span class='ocrx_word' id='word_1_82' title='bbox 1220 1277 1254 1322; x_wconf 90' lang='lat' dir='ltr'>se</span> <span class='ocrx_word' id='word_1_83' title='bbox 1273 1261 1367 1319; x_wconf 91' lang='lat' dir='ltr'>belli-</span> 
     </span>
     <span class='ocr_line' id='line_1_11' title="bbox 268 1335 1367 1436; baseline -0.005 -11"><span class='ocrx_word' id='word_1_84' title='bbox 268 1383 324 1425; x_wconf 91' lang='lat' dir='ltr'>cae</span> <span class='ocrx_word' id='word_1_85' title='bbox 353 1365 538 1424; x_wconf 77' lang='lat' dir='ltr'>ceremoniae</span> <span class='ocrx_word' id='word_1_86' title='bbox 565 1363 760 1436; x_wconf 77' lang='lat' dir='ltr'>proderentur</span> <span class='ocrx_word' id='word_1_87' title='bbox 785 1335 1046 1435; x_wconf 61' lang='lat' dir='ltr'>nec‘gererentur</span> <span class='ocrx_word' id='word_1_88' title='bbox 1071 1361 1168 1418; x_wconf 91' lang='lat' dir='ltr'>solum</span> <span class='ocrx_word' id='word_1_89' title='bbox 1195 1363 1251 1419; x_wconf 89' lang='lat' dir='ltr'>sed</span> <span class='ocrx_word' id='word_1_90' title='bbox 1277 1361 1367 1420; x_wconf 89' lang='lat' dir='ltr'>etiam</span> 
     </span>
     <span class='ocr_line' id='line_1_12' title="bbox 267 1461 1369 1540; baseline -0.007 -12"><span class='ocrx_word' id='word_1_91' title='bbox 267 1469 471 1528; x_wconf 84' lang='lat' dir='ltr'>indicerentur</span> <span class='ocrx_word' id='word_1_92' title='bbox 491 1467 571 1524; x_wconf 88' lang='lat' dir='ltr'>bella</span> <span class='ocrx_word' id='word_1_93' title='bbox 591 1466 690 1538; x_wconf 91' lang='lat' dir='ltr'>aliquo</span> <span class='ocrx_word' id='word_1_94' title='bbox 711 1464 781 1538; x_wconf 92' lang='lat' dir='ltr'>ritu,</span> <span class='ocrx_word' id='word_1_95' title='bbox 798 1461 851 1534; x_wconf 85' lang='lat' dir='ltr'>jus</span> <span class='ocrx_word' id='word_1_96' title='bbox 871 1461 910 1520; x_wconf 84' lang='lat' dir='ltr'>ab</span> <span class='ocrx_word' id='word_1_97' title='bbox 932 1461 1054 1533; x_wconf 90' lang='lat' dir='ltr'>antiqua</span> <span class='ocrx_word' id='word_1_98' title='bbox 1075 1467 1166 1538; x_wconf 83' lang='lat' dir='ltr'>gente</span> <span class='ocrx_word' id='word_1_99' title='bbox 1177 1461 1369 1540; x_wconf 88' lang='lat' dir='ltr'>Aequiculis,</span> 
     </span>
    </p>
   </div>
   <div class='ocr_carea' id='block_1_3' title="bbox 164 1563 1371 1644">
    <p class='ocr_par' dir='ltr' id='par_1_3' title="bbox 164 1563 1371 1644">
     <span class='ocr_line' id='line_1_13' title="bbox 164 1563 1371 1644; baseline -0.006 -15"><span class='ocrx_word' id='word_1_100' title='bbox 164 1573 168 1583; x_wconf 94' lang='lat'>&#39;</span> <span class='ocrx_word' id='word_1_101' title='bbox 269 1570 348 1644; x_wconf 93' lang='lat' dir='ltr'>quod</span> <span class='ocrx_word' id='word_1_102' title='bbox 369 1584 449 1627; x_wconf 89' lang='lat' dir='ltr'>nunc</span> <span class='ocrx_word' id='word_1_103' title='bbox 469 1567 601 1625; x_wconf 87' lang='lat' dir='ltr'>Fetiales</span> <span class='ocrx_word' id='word_1_104' title='bbox 622 1567 742 1641; x_wconf 88' lang='lat' dir='ltr'>habent,</span> <span class='ocrx_word' id='word_1_105' title='bbox 763 1563 933 1639; x_wconf 77' lang='lat' dir='ltr'>descripsit,</span> <span class='ocrx_word' id='word_1_106' title='bbox 954 1571 1013 1635; x_wconf 88' lang='lat' dir='ltr'>qud</span> <span class='ocrx_word' id='word_1_107' title='bbox 1034 1577 1083 1621; x_wconf 89' lang='lat' dir='ltr'>res</span> <span class='ocrx_word' id='word_1_108' title='bbox 1104 1567 1279 1637; x_wconf 80' lang='lat' dir='ltr'>repetuntur</span> <span class='ocrx_word' id='word_1_109' title='bbox 1291 1563 1371 1622; x_wconf 84' lang='lat' dir='ltr'>etc.“</span> 
     </span>
    </p>
   </div>
   <div class='ocr_carea' id='block_1_4' title="bbox 269 1664 1373 2455">
    <p class='ocr_par' dir='ltr' id='par_1_4' title="bbox 269 1664 1373 2455">
     <span class='ocr_line' id='line_1_14' title="bbox 269 1664 1371 1744; baseline -0.005 -13"><span class='ocrx_word' id='word_1_110' title='bbox 269 1674 428 1744; x_wconf 80' lang='lat' dir='ltr'>Nunquam</span> <span class='ocrx_word' id='word_1_111' title='bbox 453 1670 511 1727; x_wconf 90' lang='lat' dir='ltr'>hoc</span> <span class='ocrx_word' id='word_1_112' title='bbox 534 1667 703 1742; x_wconf 74' lang='lat' dir='ltr'>jusplane</span> <span class='ocrx_word' id='word_1_113' title='bbox 728 1666 870 1724; x_wconf 87' lang='lat' dir='ltr'>abolitum</span> <span class='ocrx_word' id='word_1_114' title='bbox 893 1666 992 1724; x_wconf 90' lang='lat' dir='ltr'>estin</span> <span class='ocrx_word' id='word_1_115' title='bbox 1014 1664 1136 1726; x_wconf 89' lang='lat' dir='ltr'>civitate</span> <span class='ocrx_word' id='word_1_116' title='bbox 1157 1668 1294 1726; x_wconf 81' lang='lat' dir='ltr'>Romana</span> <span class='ocrx_word' id='word_1_117' title='bbox 1314 1667 1371 1726; x_wconf 88' lang='lat' dir='ltr'>sed</span> 
     </span>
     <span class='ocr_line' id='line_1_15' title="bbox 271 1768 1371 1848; baseline -0.004 -18"><span class='ocrx_word' id='word_1_118' title='bbox 271 1773 407 1848; x_wconf 88' lang='lat' dir='ltr'>quamvis</span> <span class='ocrx_word' id='word_1_119' title='bbox 442 1770 593 1828; x_wconf 88' lang='lat' dir='ltr'>deminuta</span> <span class='ocrx_word' id='word_1_120' title='bbox 625 1769 802 1826; x_wconf 85' lang='lat' dir='ltr'>auctoritate</span> <span class='ocrx_word' id='word_1_121' title='bbox 834 1768 945 1829; x_wconf 86' lang='lat' dir='ltr'>mansit</span> <span class='ocrx_word' id='word_1_122' title='bbox 976 1768 1158 1841; x_wconf 83' lang='lat' dir='ltr'>temporibus</span> <span class='ocrx_word' id='word_1_123' title='bbox 1185 1768 1371 1840; x_wconf 88' lang='lat' dir='ltr'>reipublicae</span> 
     </span>
     <span class='ocr_line' id='line_1_16' title="bbox 270 1870 1370 1946; baseline -0.004 -14"><span class='ocrx_word' id='word_1_124' title='bbox 270 1879 302 1932; x_wconf 90' lang='lat' dir='ltr'>et</span> <span class='ocrx_word' id='word_1_125' title='bbox 321 1875 372 1932; x_wconf 84' lang='lat' dir='ltr'>vel</span> <span class='ocrx_word' id='word_1_126' title='bbox 392 1873 447 1932; x_wconf 86' lang='lat' dir='ltr'>suit</span> <span class='ocrx_word' id='word_1_127' title='bbox 468 1872 699 1945; x_wconf 87' lang='lat' dir='ltr'>Imperatoribus</span> <span class='ocrx_word' id='word_1_128' title='bbox 720 1871 852 1946; x_wconf 81' lang='lat' dir='ltr'>vestigia</span> <span class='ocrx_word' id='word_1_129' title='bbox 873 1871 939 1944; x_wconf 87' lang='lat' dir='ltr'>ejus</span> <span class='ocrx_word' id='word_1_130' title='bbox 959 1870 1139 1929; x_wconf 83' lang='lat' dir='ltr'>invenimus.</span> <span class='ocrx_word' id='word_1_131' title='bbox 1180 1870 1285 1946; x_wconf 83' lang='lat' dir='ltr'>Atque</span> <span class='ocrx_word' id='word_1_132' title='bbox 1295 1886 1370 1928; x_wconf 88' lang='lat' dir='ltr'>con·</span> 
     </span>
     <span class='ocr_line' id='line_1_17' title="bbox 270 1953 1371 2048; baseline -0.005 -13"><span class='ocrx_word' id='word_1_133' title='bbox 270 1980 446 2036; x_wconf 86' lang='lat' dir='ltr'>sentaneum</span> <span class='ocrx_word' id='word_1_134' title='bbox 477 1973 535 2030; x_wconf 93' lang='lat' dir='ltr'>boc</span> <span class='ocrx_word' id='word_1_135' title='bbox 567 1975 615 2028; x_wconf 90' lang='lat' dir='ltr'>est</span> <span class='ocrx_word' id='word_1_136' title='bbox 646 1987 686 2028; x_wconf 84' lang='lat' dir='ltr'>ex</span> <span class='ocrx_word' id='word_1_137' title='bbox 716 1984 798 2027; x_wconf 88' lang='lat' dir='ltr'>more</span> <span class='ocrx_word' id='word_1_138' title='bbox 829 1972 1029 2030; x_wconf 80' lang='lat' dir='ltr'>Romanorum</span> <span class='ocrx_word' id='word_1_139' title='bbox 1060 1953 1172 2044; x_wconf 86' lang='lat' dir='ltr'>ubique</span> <span class='ocrx_word' id='word_1_140' title='bbox 1199 1971 1371 2048; x_wconf 85' lang='lat' dir='ltr'>conspicuo,</span> 
     </span>
     <span class='ocr_line' id='line_1_18' title="bbox 272 2069 1371 2150; baseline -0.004 -16"><span class='ocrx_word' id='word_1_141' title='bbox 272 2075 350 2150; x_wconf 89' lang='lat' dir='ltr'>qnod</span> <span class='ocrx_word' id='word_1_142' title='bbox 372 2075 450 2134; x_wconf 90' lang='lat' dir='ltr'>enim</span> <span class='ocrx_word' id='word_1_143' title='bbox 472 2073 564 2130; x_wconf 90' lang='lat' dir='ltr'>semel</span> <span class='ocrx_word' id='word_1_144' title='bbox 590 2073 622 2130; x_wconf 92' lang='lat' dir='ltr'>in</span> <span class='ocrx_word' id='word_1_145' title='bbox 648 2071 771 2130; x_wconf 84' lang='lat' dir='ltr'>civitate</span> <span class='ocrx_word' id='word_1_146' title='bbox 796 2069 966 2130; x_wconf 88' lang='lat' dir='ltr'>institutum</span> <span class='ocrx_word' id='word_1_147' title='bbox 992 2075 1023 2128; x_wconf 93' lang='lat' dir='ltr'>et</span> <span class='ocrx_word' id='word_1_148' title='bbox 1042 2089 1102 2130; x_wconf 91' lang='lat' dir='ltr'>usu</span> <span class='ocrx_word' id='word_1_149' title='bbox 1122 2072 1271 2131; x_wconf 91' lang='lat' dir='ltr'>sancitum</span> <span class='ocrx_word' id='word_1_150' title='bbox 1298 2079 1371 2149; x_wconf 87' lang='lat' dir='ltr'>erat,</span> 
     </span>
     <span class='ocr_line' id='line_1_19' title="bbox 271 2172 1372 2253; baseline -0.004 -17"><span class='ocrx_word' id='word_1_151' title='bbox 271 2194 333 2236; x_wconf 88' lang='lat' dir='ltr'>non</span> <span class='ocrx_word' id='word_1_152' title='bbox 359 2176 544 2253; x_wconf 82' lang='lat' dir='ltr'>abrogabant</span> <span class='ocrx_word' id='word_1_153' title='bbox 564 2175 619 2232; x_wconf 89' lang='lat' dir='ltr'>sed</span> <span class='ocrx_word' id='word_1_154' title='bbox 639 2189 745 2250; x_wconf 90' lang='lat' dir='ltr'>saepe,</span> <span class='ocrx_word' id='word_1_155' title='bbox 772 2187 806 2232; x_wconf 88' lang='lat' dir='ltr'>re</span> <span class='ocrx_word' id='word_1_156' title='bbox 833 2174 922 2246; x_wconf 91' lang='lat' dir='ltr'>plane</span> <span class='ocrx_word' id='word_1_157' title='bbox 951 2172 1084 2249; x_wconf 87' lang='lat' dir='ltr'>sublata,</span> <span class='ocrx_word' id='word_1_158' title='bbox 1109 2175 1237 2232; x_wconf 83' lang='lat' dir='ltr'>formam</span> <span class='ocrx_word' id='word_1_159' title='bbox 1264 2179 1296 2232; x_wconf 91' lang='lat' dir='ltr'>et</span> <span class='ocrx_word' id='word_1_160' title='bbox 1316 2191 1372 2234; x_wconf 88' lang='lat' dir='ltr'>ce-</span> 
     </span>
     <span class='ocr_line' id='line_1_20' title="bbox 271 2270 1372 2351; baseline -0.003 -12"><span class='ocrx_word' id='word_1_161' title='bbox 271 2281 419 2340; x_wconf 88' lang='lat' dir='ltr'>remonias</span> <span class='ocrx_word' id='word_1_162' title='bbox 434 2279 573 2340; x_wconf 60' lang='lat' dir='ltr'>,usitatas</span> <span class='ocrx_word' id='word_1_163' title='bbox 601 2270 762 2350; x_wconf 75' lang='lat' dir='ltr'>diligenter</span> <span class='ocrx_word' id='word_1_164' title='bbox 786 2273 1005 2351; x_wconf 69' lang='lat' dir='ltr'>retinebant).</span> <span class='ocrx_word' id='word_1_165' title='bbox 1051 2276 1108 2333; x_wconf 86' lang='lat' dir='ltr'>Jus</span> <span class='ocrx_word' id='word_1_166' title='bbox 1135 2275 1230 2351; x_wconf 82' lang='lat' dir='ltr'>igitur</span> <span class='ocrx_word' id='word_1_167' title='bbox 1254 2277 1372 2336; x_wconf 85' lang='lat' dir='ltr'>Fetiale</span> 
     </span>
     <span class='ocr_line' id='line_1_21' title="bbox 271 2357 1373 2455; baseline -0.005 -15"><span class='ocrx_word' id='word_1_168' title='bbox 271 2384 327 2440; x_wconf 91' lang='lat' dir='ltr'>sub</span> <span class='ocrx_word' id='word_1_169' title='bbox 348 2380 472 2455; x_wconf 82' lang='lat' dir='ltr'>regibus</span> <span class='ocrx_word' id='word_1_170' title='bbox 493 2377 661 2434; x_wconf 87' lang='lat' dir='ltr'>institutum</span> <span class='ocrx_word' id='word_1_171' title='bbox 681 2375 886 2448; x_wconf 84' lang='lat' dir='ltr'>formulaequc</span> <span class='ocrx_word' id='word_1_172' title='bbox 912 2357 949 2435; x_wconf 85' lang='lat' dir='ltr'>eo</span> <span class='ocrx_word' id='word_1_173' title='bbox 975 2377 1194 2453; x_wconf 85' lang='lat' dir='ltr'>praescriptae,</span> <span class='ocrx_word' id='word_1_174' title='bbox 1221 2375 1293 2452; x_wconf 91' lang='lat' dir='ltr'>quin</span> <span class='ocrx_word' id='word_1_175' title='bbox 1319 2376 1373 2435; x_wconf 91' lang='lat' dir='ltr'>diu</span> 
     </span>
    </p>
   </div>
   <div class='ocr_carea' id='block_1_5' title="bbox 273 2465 1469 2555">
    <p class='ocr_par' dir='ltr' id='par_1_5' title="bbox 273 2465 1469 2555">
     <span class='ocr_line' id='line_1_22' title="bbox 273 2465 1469 2555; baseline -0.002 -16"><span class='ocrx_word' id='word_1_176' title='bbox 273 2483 371 2550; x_wconf 86' lang='lat' dir='ltr'>cultae</span> <span class='ocrx_word' id='word_1_177' title='bbox 398 2479 511 2537; x_wconf 85' lang='lat' dir='ltr'>fuerint</span> <span class='ocrx_word' id='word_1_178' title='bbox 542 2481 611 2552; x_wconf 90' lang='lat' dir='ltr'>post</span> <span class='ocrx_word' id='word_1_179' title='bbox 637 2465 727 2553; x_wconf 82' lang='lat' dir='ltr'>reges</span> <span class='ocrx_word' id='word_1_180' title='bbox 755 2479 877 2534; x_wconf 84' lang='lat' dir='ltr'>exactos</span> <span class='ocrx_word' id='word_1_181' title='bbox 883 2517 894 2552; x_wconf 90' lang='lat'>,</span> <span class='ocrx_word' id='word_1_182' title='bbox 926 2476 1046 2536; x_wconf 71' lang='lat' dir='ltr'>minium</span> <span class='ocrx_word' id='word_1_183' title='bbox 1074 2478 1241 2555; x_wconf 87' lang='lat' dir='ltr'>dubitatur,</span> <span class='ocrx_word' id='word_1_184' title='bbox 1269 2478 1373 2552; x_wconf 87' lang='lat' dir='ltr'>quaeri</span> <span class='ocrx_word' id='word_1_185' title='bbox 1468 2474 1469 2484; x_wconf 74' lang='grc'>’</span> 
     </span>
    </p>
   </div>
   <div class='ocr_carea' id='block_1_6' title="bbox 271 2563 1471 3065">
    <p class='ocr_par' dir='ltr' id='par_1_6' title="bbox 271 2563 1471 3065">
     <span class='ocr_line' id='line_1_23' title="bbox 272 2563 1469 2657; baseline -0.004 -17"><span class='ocrx_word' id='word_1_186' title='bbox 272 2588 372 2640; x_wconf 87' lang='lat' dir='ltr'>antem</span> <span class='ocrx_word' id='word_1_187' title='bbox 392 2585 504 2657; x_wconf 87' lang='lat' dir='ltr'>potest,</span> <span class='ocrx_word' id='word_1_188' title='bbox 530 2596 601 2637; x_wconf 90' lang='lat' dir='ltr'>num</span> <span class='ocrx_word' id='word_1_189' title='bbox 622 2581 675 2652; x_wconf 87' lang='lat' dir='ltr'>jus</span> <span class='ocrx_word' id='word_1_190' title='bbox 695 2577 811 2637; x_wconf 86' lang='lat' dir='ltr'>Fetiale</span> <span class='ocrx_word' id='word_1_191' title='bbox 837 2582 890 2636; x_wconf 91' lang='lat' dir='ltr'>ant</span> <span class='ocrx_word' id='word_1_192' title='bbox 917 2583 998 2637; x_wconf 88' lang='lat' dir='ltr'>certe</span> <span class='ocrx_word' id='word_1_193' title='bbox 1018 2564 1088 2653; x_wconf 82' lang='lat' dir='ltr'>pars</span> <span class='ocrx_word' id='word_1_194' title='bbox 1109 2578 1176 2652; x_wconf 89' lang='lat' dir='ltr'>ejus</span> <span class='ocrx_word' id='word_1_195' title='bbox 1197 2579 1309 2654; x_wconf 81' lang='lat' dir='ltr'>inserta</span> <span class='ocrx_word' id='word_1_196' title='bbox 1330 2579 1371 2637; x_wconf 88' lang='lat' dir='ltr'>sit</span> <span class='ocrx_word' id='word_1_197' title='bbox 1468 2563 1469 2569; x_wconf 50' lang='lat'><em>&#39;</em></span> 
     </span>
     <span class='ocr_line' id='line_1_24' title="bbox 271 2677 1471 2760; baseline -0.005 -17"><span class='ocrx_word' id='word_1_198' title='bbox 271 2685 392 2760; x_wconf 78' lang='lat' dir='ltr'>legibus</span> <span class='ocrx_word' id='word_1_199' title='bbox 419 2685 481 2742; x_wconf 85' lang='lat' dir='ltr'>XII</span> <span class='ocrx_word' id='word_1_200' title='bbox 507 2677 682 2740; x_wconf 76' lang='lat' dir='ltr'>tabularum.</span> <span class='ocrx_word' id='word_1_201' title='bbox 723 2681 859 2739; x_wconf 87' lang='lat' dir='ltr'>Fuerunt</span> <span class='ocrx_word' id='word_1_202' title='bbox 879 2679 972 2755; x_wconf 90' lang='lat' dir='ltr'>enim,</span> <span class='ocrx_word' id='word_1_203' title='bbox 999 2680 1104 2753; x_wconf 90' lang='lat' dir='ltr'>quiin</span> <span class='ocrx_word' id='word_1_204' title='bbox 1124 2680 1240 2739; x_wconf 89' lang='lat' dir='ltr'>duabus</span> <span class='ocrx_word' id='word_1_205' title='bbox 1260 2680 1368 2740; x_wconf 87' lang='lat' dir='ltr'>tabulis</span> <span class='ocrx_word' id='word_1_206' title='bbox 1470 2703 1471 2706; x_wconf 40' lang='lat'>¹</span> 
     </span>
     <span class='ocr_line' id='line_1_25' title="bbox 271 2780 1371 2861; baseline -0.004 -17"><span class='ocrx_word' id='word_1_207' title='bbox 271 2785 501 2861; x_wconf 87' lang='lat' dir='ltr'>posterioribus,</span> <span class='ocrx_word' id='word_1_208' title='bbox 530 2783 626 2841; x_wconf 87' lang='lat' dir='ltr'>Oscae</span> <span class='ocrx_word' id='word_1_209' title='bbox 653 2797 730 2854; x_wconf 88' lang='lat' dir='ltr'>quae</span> <span class='ocrx_word' id='word_1_210' title='bbox 756 2786 915 2858; x_wconf 86' lang='lat' dir='ltr'>vocantur,</span> <span class='ocrx_word' id='word_1_211' title='bbox 942 2780 980 2838; x_wconf 93' lang='lat' dir='ltr'>de</span> <span class='ocrx_word' id='word_1_212' title='bbox 1002 2780 1071 2854; x_wconf 89' lang='lat' dir='ltr'>jure</span> <span class='ocrx_word' id='word_1_213' title='bbox 1092 2782 1202 2840; x_wconf 87' lang='lat' dir='ltr'>Fetiali</span> <span class='ocrx_word' id='word_1_214' title='bbox 1228 2781 1371 2857; x_wconf 87' lang='lat' dir='ltr'>scriptum</span> 
     </span>
     <span class='ocr_line' id='line_1_26' title="bbox 273 2882 1471 2957; baseline -0.004 -12"><span class='ocrx_word' id='word_1_215' title='bbox 273 2903 342 2945; x_wconf 89' lang='lat' dir='ltr'>esse</span> <span class='ocrx_word' id='word_1_216' title='bbox 370 2885 581 2944; x_wconf 87' lang='lat' dir='ltr'>contenderent</span> <span class='ocrx_word' id='word_1_217' title='bbox 613 2888 702 2957; x_wconf 92' lang='lat' dir='ltr'>atque</span> <span class='ocrx_word' id='word_1_218' title='bbox 729 2883 819 2955; x_wconf 88' lang='lat' dir='ltr'>hujus</span> <span class='ocrx_word' id='word_1_219' title='bbox 847 2882 1014 2942; x_wconf 84' lang='lat' dir='ltr'>sententiae</span> <span class='ocrx_word' id='word_1_220' title='bbox 1046 2887 1153 2942; x_wconf 88' lang='lat' dir='ltr'>testem</span> <span class='ocrx_word' id='word_1_221' title='bbox 1186 2885 1372 2942; x_wconf 87' lang='lat' dir='ltr'>nominarent</span> <span class='ocrx_word' id='word_1_222' title='bbox 1470 2937 1471 2940; x_wconf 74' lang='grc'>,</span> 
     </span>
     <span class='ocr_line' id='line_1_27' title="bbox 272 2984 1371 3065; baseline -0.006 -14"><span class='ocrx_word' id='word_1_223' title='bbox 272 2986 466 3065; x_wconf 66' lang='lat' dir='ltr'>Serviunt),</span> <span class='ocrx_word' id='word_1_224' title='bbox 493 2987 683 3045; x_wconf 84' lang='lat' dir='ltr'>scholiastam</span> <span class='ocrx_word' id='word_1_225' title='bbox 704 2985 840 3063; x_wconf 79' lang='lat' dir='ltr'>Virgilii.</span> <span class='ocrx_word' id='word_1_226' title='bbox 887 2985 949 3048; x_wconf 80' lang='lat' dir='ltr'>Sed</span> <span class='ocrx_word' id='word_1_227' title='bbox 974 2988 1057 3044; x_wconf 90' lang='lat' dir='ltr'>recte</span> <span class='ocrx_word' id='word_1_228' title='bbox 1082 2984 1189 3060; x_wconf 90' lang='lat' dir='ltr'>rejecit</span> <span class='ocrx_word' id='word_1_229' title='bbox 1212 2985 1293 3044; x_wconf 91' lang='lat' dir='ltr'>hunc</span> <span class='ocrx_word' id='word_1_230' title='bbox 1318 2989 1371 3044; x_wconf 85' lang='lat' dir='ltr'>te-</span> 
     </span>
    </p>
   </div>
   <div class='ocr_carea' id='block_1_7' title="bbox 341 3150 792 3322">
    <p class='ocr_par' dir='ltr' id='par_1_7' title="bbox 341 3150 792 3322">
     <span class='ocr_line' id='line_1_28' title="bbox 341 3150 792 3230; baseline -0.016 -20"><span class='ocrx_word' id='word_1_231' title='bbox 341 3155 371 3221; x_wconf 85' lang='lat'>1)</span> <span class='ocrx_word' id='word_1_232' title='bbox 388 3159 449 3230; x_wconf 75' lang='lat' dir='ltr'>aa.</span> <span class='ocrx_word' id='word_1_233' title='bbox 466 3151 542 3220; x_wconf 78' lang='lat' dir='ltr'>xxi,</span> <span class='ocrx_word' id='word_1_234' title='bbox 559 3153 601 3206; x_wconf 83' lang='lat' dir='ltr'>oa</span> <span class='ocrx_word' id='word_1_235' title='bbox 617 3151 705 3218; x_wconf 87' lang='lat' dir='ltr'>xxu,</span> <span class='ocrx_word' id='word_1_236' title='bbox 720 3150 748 3204; x_wconf 90' lang='lat'>1.</span> <span class='ocrx_word' id='word_1_237' title='bbox 764 3153 792 3204; x_wconf 89' lang='lat' dir='ltr'>o.</span> 
     </span>
     <span class='ocr_line' id='line_1_29' title="bbox 341 3254 608 3322; baseline -0.022 -10"><span class='ocrx_word' id='word_1_238' title='bbox 341 3257 370 3316; x_wconf 82' lang='lat' dir='ltr'>et</span> <span class='ocrx_word' id='word_1_239' title='bbox 388 3257 566 3322; x_wconf 67' lang='lat' dir='ltr'>nexura,</span> <span class='ocrx_word' id='word_1_240' title='bbox 580 3254 608 3308; x_wconf 78' lang='grc' dir='ltr'><strong><em>ι,</em></strong></span> 
     </span>
    </p>
   </div>
   <div class='ocr_carea' id='block_1_8' title="bbox 367 3342 370 3349">
    <p class='ocr_par' dir='ltr' id='par_1_8' title="bbox 367 3342 370 3349">
     <span class='ocr_line' id='line_1_30' title="bbox 367 3342 370 3349; baseline 0 0"><span class='ocrx_word' id='word_1_241' title='bbox 367 3342 370 3349; x_wconf 72' lang='grc' dir='ltr'><strong><em>ι</em></strong></span> 
     </span>
    </p>
   </div>
   <div class='ocr_carea' id='block_1_9' title="bbox 342 3358 589 3530">
    <p class='ocr_par' dir='ltr' id='par_1_9' title="bbox 342 3358 589 3530">
     <span class='ocr_line' id='line_1_31' title="bbox 342 3358 589 3428; baseline -0.012 -14"><span class='ocrx_word' id='word_1_242' title='bbox 342 3361 372 3428; x_wconf 82' lang='lat'>8)</span> <span class='ocrx_word' id='word_1_243' title='bbox 390 3363 461 3412; x_wconf 80' lang='lat' dir='ltr'>illst.</span> <span class='ocrx_word' id='word_1_244' title='bbox 478 3358 528 3425; x_wconf 89' lang='lat' dir='ltr'>v1,</span> <span class='ocrx_word' id='word_1_245' title='bbox 545 3358 589 3411; x_wconf 76' lang='grc'>56.</span> 
     </span>
     <span class='ocr_line' id='line_1_32' title="bbox 345 3461 478 3530; baseline -0.053 -12"><span class='ocrx_word' id='word_1_246' title='bbox 345 3463 374 3530; x_wconf 83' lang='grc'>4)</span> <span class='ocrx_word' id='word_1_247' title='bbox 392 3461 415 3527; x_wconf 86' lang='grc' dir='ltr'>Ι,</span> <span class='ocrx_word' id='word_1_248' title='bbox 433 3461 478 3512; x_wconf 72' lang='grc'>32.</span> 
     </span>
    </p>
   </div>
   <div class='ocr_carea' id='block_1_10' title="bbox 248 3557 1370 4045">
    <p class='ocr_par' dir='ltr' id='par_1_10' title="bbox 248 3557 1370 4045">
     <span class='ocr_line' id='line_1_33' title="bbox 322 3557 1369 3640; baseline 0.002 -23"><span class='ocrx_word' id='word_1_249' title='bbox 322 3559 371 3630; x_wconf 63' lang='grc' dir='ltr'><strong><em>ι)</em></strong></span> <span class='ocrx_word' id='word_1_250' title='bbox 396 3559 556 3640; x_wconf 78' lang='lat' dir='ltr'>Exemplum</span> <span class='ocrx_word' id='word_1_251' title='bbox 583 3557 665 3627; x_wconf 87' lang='lat' dir='ltr'>hujus</span> <span class='ocrx_word' id='word_1_252' title='bbox 694 3561 736 3612; x_wconf 88' lang='lat' dir='ltr'>rei</span> <span class='ocrx_word' id='word_1_253' title='bbox 767 3562 876 3627; x_wconf 82' lang='lat' dir='ltr'>insigne</span> <span class='ocrx_word' id='word_1_254' title='bbox 903 3566 1036 3628; x_wconf 86' lang='lat' dir='ltr'>praebent</span> <span class='ocrx_word' id='word_1_255' title='bbox 1059 3564 1168 3618; x_wconf 87' lang='lat' dir='ltr'>comitia</span> <span class='ocrx_word' id='word_1_256' title='bbox 1191 3564 1241 3616; x_wconf 87' lang='lat' dir='ltr'>illa</span> <span class='ocrx_word' id='word_1_257' title='bbox 1264 3565 1369 3634; x_wconf 86' lang='lat' dir='ltr'>calata,</span> 
     </span>
     <span class='ocr_line' id='line_1_34' title="bbox 275 3643 1369 3716; baseline -0.002 -13"><span class='ocrx_word' id='word_1_258' title='bbox 275 3663 365 3716; x_wconf 86' lang='lat' dir='ltr'>quae,</span> <span class='ocrx_word' id='word_1_259' title='bbox 388 3659 450 3700; x_wconf 87' lang='lat' dir='ltr'>cum</span> <span class='ocrx_word' id='word_1_260' title='bbox 474 3658 543 3696; x_wconf 86' lang='lat' dir='ltr'>vera</span> <span class='ocrx_word' id='word_1_261' title='bbox 561 3649 672 3698; x_wconf 85' lang='lat' dir='ltr'>comitia</span> <span class='ocrx_word' id='word_1_262' title='bbox 690 3647 783 3696; x_wconf 87' lang='lat' dir='ltr'>calata</span> <span class='ocrx_word' id='word_1_263' title='bbox 801 3643 925 3714; x_wconf 58' lang='lat' dir='ltr'>jamdiu</span> <span class='ocrx_word' id='word_1_264' title='bbox 943 3655 1016 3702; x_wconf 85' lang='lat' dir='ltr'>omni</span> <span class='ocrx_word' id='word_1_265' title='bbox 1040 3655 1066 3702; x_wconf 87' lang='lat' dir='ltr'>vl</span> <span class='ocrx_word' id='word_1_266' title='bbox 1083 3654 1112 3702; x_wconf 89' lang='lat' dir='ltr'>et</span> <span class='ocrx_word' id='word_1_267' title='bbox 1130 3653 1301 3703; x_wconf 86' lang='lat' dir='ltr'>auctoritate</span> <span class='ocrx_word' id='word_1_268' title='bbox 1319 3653 1369 3703; x_wconf 86' lang='lat' dir='ltr'>es&#39;-</span> 
     </span>
     <span class='ocr_line' id='line_1_35' title="bbox 248 3721 1368 3799; baseline -0.002 -11"><span class='ocrx_word' id='word_1_269' title='bbox 248 3721 257 3732; x_wconf 58' lang='lat'>⁸</span> <span class='ocrx_word' id='word_1_270' title='bbox 276 3741 340 3788; x_wconf 88' lang='lat' dir='ltr'>seut</span> <span class='ocrx_word' id='word_1_271' title='bbox 357 3735 475 3798; x_wconf 83' lang='lat' dir='ltr'>privata,</span> <span class='ocrx_word' id='word_1_272' title='bbox 492 3743 543 3794; x_wconf 84' lang='lat' dir='ltr'>per</span> <span class='ocrx_word' id='word_1_273' title='bbox 560 3733 679 3793; x_wconf 87' lang='lat' dir='ltr'>speciem</span> <span class='ocrx_word' id='word_1_274' title='bbox 701 3743 720 3779; x_wconf 88' lang='lat' dir='ltr'>a</span> <span class='ocrx_word' id='word_1_275' title='bbox 743 3733 856 3795; x_wconf 77' lang='lat' dir='ltr'>triginta</span> <span class='ocrx_word' id='word_1_276' title='bbox 872 3735 1018 3788; x_wconf 84' lang='lat' dir='ltr'>lictoribus</span> <span class='ocrx_word' id='word_1_277' title='bbox 1035 3738 1128 3787; x_wconf 87' lang='lat' dir='ltr'>babita</span> <span class='ocrx_word' id='word_1_278' title='bbox 1144 3739 1210 3787; x_wconf 88' lang='lat' dir='ltr'>sunt</span> <span class='ocrx_word' id='word_1_279' title='bbox 1227 3748 1316 3799; x_wconf 86' lang='lat' dir='ltr'>usque</span> <span class='ocrx_word' id='word_1_280' title='bbox 1333 3735 1368 3786; x_wconf 86' lang='lat' dir='ltr'>ad</span> 
     </span>
     <span class='ocr_line' id='line_1_36' title="bbox 275 3803 1370 3884; baseline 0 -13"><span class='ocrx_word' id='word_1_281' title='bbox 275 3807 402 3880; x_wconf 85' lang='lat' dir='ltr'>tempora</span> <span class='ocrx_word' id='word_1_282' title='bbox 425 3816 582 3880; x_wconf 83' lang='lat' dir='ltr'>Ciceronis,</span> <span class='ocrx_word' id='word_1_283' title='bbox 605 3817 787 3878; x_wconf 87' lang='lat' dir='ltr'>auspiciorum</span> <span class='ocrx_word' id='word_1_284' title='bbox 805 3828 910 3882; x_wconf 90' lang='lat' dir='ltr'>causa,</span> <span class='ocrx_word' id='word_1_285' title='bbox 934 3827 966 3870; x_wconf 87' lang='lat' dir='ltr'>ut</span> <span class='ocrx_word' id='word_1_286' title='bbox 990 3803 1057 3874; x_wconf 83' lang='lat' dir='ltr'>dicit</span> <span class='ocrx_word' id='word_1_287' title='bbox 1075 3821 1130 3874; x_wconf 84' lang='lat' dir='ltr'>Cic</span> <span class='ocrx_word' id='word_1_288' title='bbox 1148 3822 1183 3872; x_wconf 90' lang='lat' dir='ltr'>de</span> <span class='ocrx_word' id='word_1_289' title='bbox 1200 3823 1255 3884; x_wconf 81' lang='lat' dir='ltr'>leg.</span> <span class='ocrx_word' id='word_1_290' title='bbox 1274 3833 1370 3884; x_wconf 73' lang='lat' dir='ltr'>agras.</span> 
     </span>
     <span class='ocr_line' id='line_1_37' title="bbox 275 3899 1370 3968; baseline 0.004 -14"><span class='ocrx_word' id='word_1_291' title='bbox 275 3917 317 3954; x_wconf 90' lang='lat' dir='ltr'>or.</span> <span class='ocrx_word' id='word_1_292' title='bbox 331 3903 367 3966; x_wconf 90' lang='lat' dir='ltr'>ll,</span> <span class='ocrx_word' id='word_1_293' title='bbox 385 3902 428 3966; x_wconf 74' lang='lat'>12,</span> <span class='ocrx_word' id='word_1_294' title='bbox 446 3899 490 3950; x_wconf 85' lang='lat' dir='ltr'>st.</span> <span class='ocrx_word' id='word_1_295' title='bbox 525 3901 617 3949; x_wconf 67' lang='lat' dir='ltr'>Simile</span> <span class='ocrx_word' id='word_1_296' title='bbox 634 3902 788 3964; x_wconf 86' lang='lat' dir='ltr'>exemplum</span> <span class='ocrx_word' id='word_1_297' title='bbox 804 3904 974 3968; x_wconf 86' lang='lat' dir='ltr'>eandemque</span> <span class='ocrx_word' id='word_1_298' title='bbox 992 3916 1107 3956; x_wconf 84' lang='lat' dir='ltr'>eausam</span> <span class='ocrx_word' id='word_1_299' title='bbox 1124 3906 1187 3956; x_wconf 85' lang='lat' dir='ltr'>vide</span> <span class='ocrx_word' id='word_1_300' title='bbox 1203 3906 1274 3968; x_wconf 86' lang='lat' dir='ltr'>apud</span> <span class='ocrx_word' id='word_1_301' title='bbox 1287 3906 1370 3959; x_wconf 83' lang='lat' dir='ltr'>Diem</span> 
     </span>
     <span class='ocr_line' id='line_1_38' title="bbox 274 3983 633 4045; baseline -0.011 -9"><span class='ocrx_word' id='word_1_302' title='bbox 274 3988 336 4038; x_wconf 84' lang='lat' dir='ltr'>llal.</span> <span class='ocrx_word' id='word_1_303' title='bbox 354 3987 435 4037; x_wconf 82' lang='lat' dir='ltr'>Arcb.</span> <span class='ocrx_word' id='word_1_304' title='bbox 452 3984 491 4045; x_wconf 90' lang='lat' dir='ltr'>ll,</span> <span class='ocrx_word' id='word_1_305' title='bbox 508 3984 526 4032; x_wconf 81' lang='lat' dir='ltr'>d</span> <span class='ocrx_word' id='word_1_306' title='bbox 543 3988 572 4033; x_wconf 89' lang='lat' dir='ltr'>et</span> <span class='ocrx_word' id='word_1_307' title='bbox 588 3983 633 4033; x_wconf 78' lang='lat'>74.</span> 
     </span>
    </p>
   </div>
   <div class='ocr_carea' id='block_1_11' title="bbox 237 4068 1470 4138">
    <p class='ocr_par' dir='ltr' id='par_1_11' title="bbox 237 4068 1470 4138">
     <span class='ocr_line' id='line_1_39' title="bbox 237 4068 1470 4138; baseline 0.002 -18"><span class='ocrx_word' id='word_1_308' title='bbox 237 4107 242 4120; x_wconf 85' lang='lat'>.</span> <span class='ocrx_word' id='word_1_309' title='bbox 342 4069 370 4131; x_wconf 81' lang='grc'>6)</span> <span class='ocrx_word' id='word_1_310' title='bbox 389 4071 503 4120; x_wconf 81' lang='lat' dir='ltr'>Servius</span> <span class='ocrx_word' id='word_1_311' title='bbox 520 4068 554 4116; x_wconf 86' lang='lat' dir='ltr'>sd</span> <span class='ocrx_word' id='word_1_312' title='bbox 573 4079 684 4118; x_wconf 87' lang='lat' dir='ltr'>versum</span> <span class='ocrx_word' id='word_1_313' title='bbox 701 4069 832 4122; x_wconf 78' lang='lat' dir='ltr'>Aeneidis</span> <span class='ocrx_word' id='word_1_314' title='bbox 848 4071 909 4135; x_wconf 88' lang='lat' dir='ltr'>vll,</span> <span class='ocrx_word' id='word_1_315' title='bbox 926 4069 988 4120; x_wconf 76' lang='lat'>676.</span> <span class='ocrx_word' id='word_1_316' title='bbox 1012 4070 1065 4134; x_wconf 82' lang='lat' dir='ltr'>„ili</span> <span class='ocrx_word' id='word_1_317' title='bbox 1081 4069 1270 4122; x_wconf 76' lang='lat' dir='ltr'>Fescenninas</span> <span class='ocrx_word' id='word_1_318' title='bbox 1293 4074 1370 4122; x_wconf 83' lang='lat' dir='ltr'>acles</span> <span class='ocrx_word' id='word_1_319' title='bbox 1469 4129 1470 4138; x_wconf 10' lang='grc' dir='ltr'>χ</span> 
     </span>
    </p>
   </div>
   <div class='ocr_carea' id='block_1_12' title="bbox 274 4147 1369 4222">
    <p class='ocr_par' dir='ltr' id='par_1_12' title="bbox 274 4147 1369 4222">
     <span class='ocr_line' id='line_1_40' title="bbox 274 4147 1369 4222; baseline 0.002 -17"><span class='ocrx_word' id='word_1_320' title='bbox 274 4159 439 4216; x_wconf 76' lang='lat' dir='ltr'>Aequosque</span> <span class='ocrx_word' id='word_1_321' title='bbox 456 4149 602 4201; x_wconf 79' lang='lat' dir='ltr'>Faliscos“</span> <span class='ocrx_word' id='word_1_322' title='bbox 619 4164 723 4216; x_wconf 89' lang='lat' dir='ltr'>aequos</span> <span class='ocrx_word' id='word_1_323' title='bbox 740 4157 848 4222; x_wconf 83' lang='lat' dir='ltr'>autem,</span> <span class='ocrx_word' id='word_1_324' title='bbox 871 4156 950 4218; x_wconf 87' lang='lat' dir='ltr'>dicit,</span> <span class='ocrx_word' id='word_1_325' title='bbox 973 4155 991 4203; x_wconf 90' lang='lat' dir='ltr'>l.</span> <span class='ocrx_word' id='word_1_326' title='bbox 1010 4164 1036 4203; x_wconf 87' lang='lat' dir='ltr'>e.</span> <span class='ocrx_word' id='word_1_327' title='bbox 1048 4147 1154 4219; x_wconf 86' lang='lat' dir='ltr'>justos,</span> <span class='ocrx_word' id='word_1_328' title='bbox 1171 4158 1238 4218; x_wconf 84' lang='lat' dir='ltr'>quia</span> <span class='ocrx_word' id='word_1_329' title='bbox 1252 4157 1369 4218; x_wconf 82' lang='lat' dir='ltr'>populus</span> 
     </span>
    </p>
   </div>
   <div class='ocr_carea' id='block_1_13' title="bbox 274 4234 1470 4303">
    <p class='ocr_par' dir='ltr' id='par_1_13' title="bbox 274 4234 1470 4303">
     <span class='ocr_line' id='line_1_41' title="bbox 274 4234 1470 4303; baseline 0.002 -15"><span class='ocrx_word' id='word_1_330' title='bbox 274 4241 352 4289; x_wconf 80' lang='lat' dir='ltr'>Rom.</span> <span class='ocrx_word' id='word_1_331' title='bbox 370 4238 462 4288; x_wconf 79' lang='lat' dir='ltr'>missis</span> <span class='ocrx_word' id='word_1_332' title='bbox 483 4234 654 4286; x_wconf 74' lang='lat' dir='ltr'>Decemviri·</span> <span class='ocrx_word' id='word_1_333' title='bbox 677 4240 712 4288; x_wconf 82' lang='lat' dir='ltr'>ab</span> <span class='ocrx_word' id='word_1_334' title='bbox 735 4241 801 4301; x_wconf 80' lang='lat' dir='ltr'>ipsis</span> <span class='ocrx_word' id='word_1_335' title='bbox 820 4235 886 4303; x_wconf 87' lang='lat' dir='ltr'>jura</span> <span class='ocrx_word' id='word_1_336' title='bbox 909 4238 1028 4288; x_wconf 80' lang='lat' dir='ltr'>Fetialia</span> <span class='ocrx_word' id='word_1_337' title='bbox 1050 4241 1080 4289; x_wconf 89' lang='lat' dir='ltr'>et</span> <span class='ocrx_word' id='word_1_338' title='bbox 1100 4237 1233 4288; x_wconf 88' lang='lat' dir='ltr'>nonnulla</span> <span class='ocrx_word' id='word_1_339' title='bbox 1253 4239 1368 4303; x_wconf 88' lang='lat' dir='ltr'>supple·</span> <span class='ocrx_word' id='word_1_340' title='bbox 1469 4267 1470 4282; x_wconf 49' lang='grc' dir='ltr'><strong><em>ι</em></strong></span> 
     </span>
    </p>
   </div>
   <div class='ocr_carea' id='block_1_14' title="bbox 275 4319 1297 4390">
    <p class='ocr_par' dir='ltr' id='par_1_14' title="bbox 275 4319 1297 4390">
     <span class='ocr_line' id='line_1_42' title="bbox 275 4319 1297 4390; baseline 0.005 -18"><span class='ocrx_word' id='word_1_341' title='bbox 275 4331 368 4373; x_wconf 80' lang='lat' dir='ltr'>menta</span> <span class='ocrx_word' id='word_1_342' title='bbox 384 4321 436 4371; x_wconf 83' lang='lat' dir='ltr'>xil</span> <span class='ocrx_word' id='word_1_343' title='bbox 454 4319 607 4374; x_wconf 77' lang='grc' dir='ltr'><strong><em>ιιιιιιιιιιιι</em></strong></span> <span class='ocrx_word' id='word_1_344' title='bbox 625 4325 747 4390; x_wconf 82' lang='lat' dir='ltr'>aceepit,</span> <span class='ocrx_word' id='word_1_345' title='bbox 765 4335 834 4386; x_wconf 85' lang='lat' dir='ltr'>quaa</span> <span class='ocrx_word' id='word_1_346' title='bbox 851 4321 1006 4378; x_wconf 76' lang='lat' dir='ltr'>tabuerant</span> <span class='ocrx_word' id='word_1_347' title='bbox 1022 4324 1058 4378; x_wconf 83' lang='lat' dir='ltr'>ab</span> <span class='ocrx_word' id='word_1_348' title='bbox 1075 4321 1297 4381; x_wconf 71' lang='lat' dir='ltr'>saonensibus</span> 
     </span>
    </p>
   </div>
   <div class='ocr_carea' id='block_1_15' title="bbox 0 0 1492 5142">
    <p class='ocr_par' dir='ltr' id='par_1_15' title="bbox 0 0 1492 5142">
     <span class='ocr_line' id='line_1_43' title="bbox 0 0 1492 5142; baseline 0 0"><span class='ocrx_word' id='word_1_349' title='bbox 0 0 1492 5142; x_wconf 95' lang='lat' dir='ltr'> </span> 
     </span>
    </p>
   </div>
  </div>
 </body>
</html>
